{
	"pageProps": {
		"company": {
			"ticker": "META",
			"name": "Meta Platforms, Inc.",
			"cik": "0001326801",
			"isEtf": false,
			"isFund": false,
			"isFilings": true,
			"isFinancials": true,
			"isKPIs": true,
			"website": "investor.fb.com",
			"exchange": "NASDAQ",
			"country": "US",
			"currency": "USD",
			"marketCap": 497562
		},
		"financials": {
			"annual": [
				{
					"date": "2010-12-31",
					"symbol": "META",
					"reportedCurrency": "USD",
					"cik": "0001326801",
					"fillingDate": "2010-12-31",
					"acceptedDate": "2010-12-30 19:00:00",
					"calendarYear": "2010",
					"period": "FY",
					"revenue": 1974000000,
					"costOfRevenue": 493000000,
					"grossProfit": 1481000000,
					"grossProfitRatio": 0.7502532928064843,
					"researchAndDevelopmentExpenses": 144000000,
					"generalAndAdministrativeExpenses": 138000000,
					"sellingAndMarketingExpenses": 167000000,
					"sellingGeneralAndAdministrativeExpenses": 305000000,
					"otherExpenses": 0,
					"operatingExpenses": 449000000,
					"costAndExpenses": 942000000,
					"interestIncome": 1000000,
					"interestExpense": 22000000,
					"depreciationAndAmortization": 139000000,
					"ebitda": 1169000000,
					"ebitdaratio": 0.5921985815602837,
					"operatingIncome": 1032000000,
					"operatingIncomeRatio": 0.5227963525835866,
					"totalOtherIncomeExpensesNet": -24000000,
					"incomeBeforeTax": 1008000000,
					"incomeBeforeTaxRatio": 0.5106382978723404,
					"incomeTaxExpense": 402000000,
					"netIncome": 606000000,
					"netIncomeRatio": 0.3069908814589666,
					"eps": 0.174976,
					"epsdiluted": 0.170267,
					"weightedAverageShsOut": 2126000000,
					"weightedAverageShsOutDil": 2361000000,
					"link": "",
					"finalLink": ""
				},
				{
					"date": "2011-12-31",
					"symbol": "META",
					"reportedCurrency": "USD",
					"cik": "0001326801",
					"fillingDate": "2011-12-31",
					"acceptedDate": "2011-12-30 19:00:00",
					"calendarYear": "2011",
					"period": "FY",
					"revenue": 3711000000,
					"costOfRevenue": 860000000,
					"grossProfit": 2851000000,
					"grossProfitRatio": 0.7682565346267852,
					"researchAndDevelopmentExpenses": 388000000,
					"generalAndAdministrativeExpenses": 280000000,
					"sellingAndMarketingExpenses": 427000000,
					"sellingGeneralAndAdministrativeExpenses": 707000000,
					"otherExpenses": 0,
					"operatingExpenses": 1095000000,
					"costAndExpenses": 1955000000,
					"interestIncome": 0,
					"interestExpense": 42000000,
					"depreciationAndAmortization": 323000000,
					"ebitda": 2060000000,
					"ebitdaratio": 0.5551064403125842,
					"operatingIncome": 1756000000,
					"operatingIncomeRatio": 0.4731878199946106,
					"totalOtherIncomeExpensesNet": -61000000,
					"incomeBeforeTax": 1695000000,
					"incomeBeforeTaxRatio": 0.45675020210185935,
					"incomeTaxExpense": 695000000,
					"netIncome": 1000000000,
					"netIncomeRatio": 0.2694691457828079,
					"eps": 0.49,
					"epsdiluted": 0.43,
					"weightedAverageShsOut": 2030000000,
					"weightedAverageShsOutDil": 2332000000,
					"link": "",
					"finalLink": ""
				},
				{
					"date": "2012-12-31",
					"symbol": "META",
					"reportedCurrency": "USD",
					"cik": "0001326801",
					"fillingDate": "2013-02-01",
					"acceptedDate": "2013-02-01 16:43:01",
					"calendarYear": "2012",
					"period": "FY",
					"revenue": 5089000000,
					"costOfRevenue": 1364000000,
					"grossProfit": 3725000000,
					"grossProfitRatio": 0.7319709176655531,
					"researchAndDevelopmentExpenses": 1399000000,
					"generalAndAdministrativeExpenses": 892000000,
					"sellingAndMarketingExpenses": 896000000,
					"sellingGeneralAndAdministrativeExpenses": 1788000000,
					"otherExpenses": 0,
					"operatingExpenses": 3187000000,
					"costAndExpenses": 4551000000,
					"interestIncome": 14000000,
					"interestExpense": 51000000,
					"depreciationAndAmortization": 649000000,
					"ebitda": 1194000000,
					"ebitdaratio": 0.23462369817252898,
					"operatingIncome": 538000000,
					"operatingIncomeRatio": 0.10571821575948123,
					"totalOtherIncomeExpensesNet": -44000000,
					"incomeBeforeTax": 494000000,
					"incomeBeforeTaxRatio": 0.0970721163293378,
					"incomeTaxExpense": 441000000,
					"netIncome": 53000000,
					"netIncomeRatio": 0.010414619768127334,
					"eps": 0.02,
					"epsdiluted": 0.01,
					"weightedAverageShsOut": 2006000000,
					"weightedAverageShsOutDil": 2166000000,
					"link": "https://www.sec.gov/Archives/edgar/data/1326801/000132680113000003/0001326801-13-000003-index.htm",
					"finalLink": "https://www.sec.gov/Archives/edgar/data/1326801/000132680113000003/fb-12312012x10k.htm"
				},
				{
					"date": "2013-12-31",
					"symbol": "META",
					"reportedCurrency": "USD",
					"cik": "0001326801",
					"fillingDate": "2014-01-31",
					"acceptedDate": "2014-01-31 16:10:34",
					"calendarYear": "2013",
					"period": "FY",
					"revenue": 7872000000,
					"costOfRevenue": 1875000000,
					"grossProfit": 5997000000,
					"grossProfitRatio": 0.7618140243902439,
					"researchAndDevelopmentExpenses": 1415000000,
					"generalAndAdministrativeExpenses": 781000000,
					"sellingAndMarketingExpenses": 997000000,
					"sellingGeneralAndAdministrativeExpenses": 1778000000,
					"otherExpenses": 0,
					"operatingExpenses": 3193000000,
					"costAndExpenses": 5068000000,
					"interestIncome": 19000000,
					"interestExpense": 56000000,
					"depreciationAndAmortization": 1011000000,
					"ebitda": 3821000000,
					"ebitdaratio": 0.48539126016260165,
					"operatingIncome": 2804000000,
					"operatingIncomeRatio": 0.3561991869918699,
					"totalOtherIncomeExpensesNet": -50000000,
					"incomeBeforeTax": 2754000000,
					"incomeBeforeTaxRatio": 0.34984756097560976,
					"incomeTaxExpense": 1254000000,
					"netIncome": 1500000000,
					"netIncomeRatio": 0.19054878048780488,
					"eps": 0.62,
					"epsdiluted": 0.6,
					"weightedAverageShsOut": 2420000000,
					"weightedAverageShsOutDil": 2517000000,
					"link": "https://www.sec.gov/Archives/edgar/data/1326801/000132680114000007/0001326801-14-000007-index.htm",
					"finalLink": "https://www.sec.gov/Archives/edgar/data/1326801/000132680114000007/fb-12312013x10k.htm"
				},
				{
					"date": "2014-12-31",
					"symbol": "META",
					"reportedCurrency": "USD",
					"cik": "0001326801",
					"fillingDate": "2015-02-13",
					"acceptedDate": "2015-02-13 17:19:03",
					"calendarYear": "2014",
					"period": "FY",
					"revenue": 12466000000,
					"costOfRevenue": 2153000000,
					"grossProfit": 10313000000,
					"grossProfitRatio": 0.8272902294240334,
					"researchAndDevelopmentExpenses": 2666000000,
					"generalAndAdministrativeExpenses": 973000000,
					"sellingAndMarketingExpenses": 1680000000,
					"sellingGeneralAndAdministrativeExpenses": 2653000000,
					"otherExpenses": 0,
					"operatingExpenses": 5319000000,
					"costAndExpenses": 7472000000,
					"interestIncome": 27000000,
					"interestExpense": 23000000,
					"depreciationAndAmortization": 1243000000,
					"ebitda": 6176000000,
					"ebitdaratio": 0.4954275629712819,
					"operatingIncome": 4994000000,
					"operatingIncomeRatio": 0.40060965827049577,
					"totalOtherIncomeExpensesNet": -84000000,
					"incomeBeforeTax": 4910000000,
					"incomeBeforeTaxRatio": 0.393871330017648,
					"incomeTaxExpense": 1970000000,
					"netIncome": 2940000000,
					"netIncomeRatio": 0.2358414888496711,
					"eps": 1.12,
					"epsdiluted": 1.1,
					"weightedAverageShsOut": 2614000000,
					"weightedAverageShsOutDil": 2664000000,
					"link": "https://www.sec.gov/Archives/edgar/data/1326801/000132680115000010/0001326801-15-000010-index.htm",
					"finalLink": "https://www.sec.gov/Archives/edgar/data/1326801/000132680115000010/amendment1form10-ka.htm"
				},
				{
					"date": "2015-12-31",
					"symbol": "META",
					"reportedCurrency": "USD",
					"cik": "0001326801",
					"fillingDate": "2016-01-28",
					"acceptedDate": "2016-01-28 16:17:07",
					"calendarYear": "2015",
					"period": "FY",
					"revenue": 17928000000,
					"costOfRevenue": 2867000000,
					"grossProfit": 15061000000,
					"grossProfitRatio": 0.8400825524319501,
					"researchAndDevelopmentExpenses": 4816000000,
					"generalAndAdministrativeExpenses": 1295000000,
					"sellingAndMarketingExpenses": 2725000000,
					"sellingGeneralAndAdministrativeExpenses": 4020000000,
					"otherExpenses": 0,
					"operatingExpenses": 8836000000,
					"costAndExpenses": 11703000000,
					"interestIncome": 52000000,
					"interestExpense": 23000000,
					"depreciationAndAmortization": 1945000000,
					"ebitda": 8162000000,
					"ebitdaratio": 0.45526550647032576,
					"operatingIncome": 6225000000,
					"operatingIncomeRatio": 0.3472222222222222,
					"totalOtherIncomeExpensesNet": -31000000,
					"incomeBeforeTax": 6194000000,
					"incomeBeforeTaxRatio": 0.34549308344489066,
					"incomeTaxExpense": 2506000000,
					"netIncome": 3688000000,
					"netIncomeRatio": 0.20571173583221777,
					"eps": 1.31,
					"epsdiluted": 1.29,
					"weightedAverageShsOut": 2803000000,
					"weightedAverageShsOutDil": 2853000000,
					"link": "https://www.sec.gov/Archives/edgar/data/1326801/000132680116000063/0001326801-16-000063-index.htm",
					"finalLink": "https://www.sec.gov/Archives/edgar/data/1326801/000132680116000063/a1231201510-ka.htm"
				},
				{
					"date": "2016-12-31",
					"symbol": "META",
					"reportedCurrency": "USD",
					"cik": "0001326801",
					"fillingDate": "2017-02-03",
					"acceptedDate": "2017-02-02 21:13:52",
					"calendarYear": "2016",
					"period": "FY",
					"revenue": 27638000000,
					"costOfRevenue": 3789000000,
					"grossProfit": 23849000000,
					"grossProfitRatio": 0.8629061437151747,
					"researchAndDevelopmentExpenses": 5919000000,
					"generalAndAdministrativeExpenses": 1731000000,
					"sellingAndMarketingExpenses": 3772000000,
					"sellingGeneralAndAdministrativeExpenses": 5503000000,
					"otherExpenses": 0,
					"operatingExpenses": 11422000000,
					"costAndExpenses": 15211000000,
					"interestIncome": 176000000,
					"interestExpense": 10000000,
					"depreciationAndAmortization": 2342000000,
					"ebitda": 14870000000,
					"ebitdaratio": 0.5380273536435343,
					"operatingIncome": 12427000000,
					"operatingIncomeRatio": 0.4496345611115131,
					"totalOtherIncomeExpensesNet": 91000000,
					"incomeBeforeTax": 12518000000,
					"incomeBeforeTaxRatio": 0.45292712931471163,
					"incomeTaxExpense": 2301000000,
					"netIncome": 10217000000,
					"netIncomeRatio": 0.36967219046240685,
					"eps": 3.56,
					"epsdiluted": 3.49,
					"weightedAverageShsOut": 2863000000,
					"weightedAverageShsOutDil": 2925000000,
					"link": "https://www.sec.gov/Archives/edgar/data/1326801/000132680117000007/0001326801-17-000007-index.htm",
					"finalLink": "https://www.sec.gov/Archives/edgar/data/1326801/000132680117000007/fb-12312016x10k.htm"
				},
				{
					"date": "2017-12-31",
					"symbol": "META",
					"reportedCurrency": "USD",
					"cik": "0001326801",
					"fillingDate": "2018-02-01",
					"acceptedDate": "2018-02-01 16:58:26",
					"calendarYear": "2017",
					"period": "FY",
					"revenue": 40653000000,
					"costOfRevenue": 5454000000,
					"grossProfit": 35199000000,
					"grossProfitRatio": 0.8658401593978304,
					"researchAndDevelopmentExpenses": 7754000000,
					"generalAndAdministrativeExpenses": 2517000000,
					"sellingAndMarketingExpenses": 4725000000,
					"sellingGeneralAndAdministrativeExpenses": 7242000000,
					"otherExpenses": 0,
					"operatingExpenses": 14996000000,
					"costAndExpenses": 20450000000,
					"interestIncome": 398000000,
					"interestExpense": 6000000,
					"depreciationAndAmortization": 3025000000,
					"ebitda": 23625000000,
					"ebitdaratio": 0.5811379234004871,
					"operatingIncome": 20203000000,
					"operatingIncomeRatio": 0.4969620938184144,
					"totalOtherIncomeExpensesNet": 391000000,
					"incomeBeforeTax": 20594000000,
					"incomeBeforeTaxRatio": 0.5065800801908839,
					"incomeTaxExpense": 4660000000,
					"netIncome": 15934000000,
					"netIncomeRatio": 0.39195139350109465,
					"eps": 5.49,
					"epsdiluted": 5.39,
					"weightedAverageShsOut": 2901000000,
					"weightedAverageShsOutDil": 2956000000,
					"link": "https://www.sec.gov/Archives/edgar/data/1326801/000132680118000009/0001326801-18-000009-index.htm",
					"finalLink": "https://www.sec.gov/Archives/edgar/data/1326801/000132680118000009/fb-12312017x10k.htm"
				},
				{
					"date": "2018-12-31",
					"symbol": "META",
					"reportedCurrency": "USD",
					"cik": "0001326801",
					"fillingDate": "2019-01-31",
					"acceptedDate": "2019-01-31 16:58:29",
					"calendarYear": "2018",
					"period": "FY",
					"revenue": 55838000000,
					"costOfRevenue": 9355000000,
					"grossProfit": 46483000000,
					"grossProfitRatio": 0.8324617643898421,
					"researchAndDevelopmentExpenses": 10273000000,
					"generalAndAdministrativeExpenses": 3451000000,
					"sellingAndMarketingExpenses": 7846000000,
					"sellingGeneralAndAdministrativeExpenses": 11297000000,
					"otherExpenses": 0,
					"operatingExpenses": 21570000000,
					"costAndExpenses": 30925000000,
					"interestIncome": 661000000,
					"interestExpense": 9000000,
					"depreciationAndAmortization": 4315000000,
					"ebitda": 29685000000,
					"ebitdaratio": 0.5316272072781977,
					"operatingIncome": 24913000000,
					"operatingIncomeRatio": 0.4461656936136681,
					"totalOtherIncomeExpensesNet": 448000000,
					"incomeBeforeTax": 25361000000,
					"incomeBeforeTaxRatio": 0.4541889036140263,
					"incomeTaxExpense": 3249000000,
					"netIncome": 22112000000,
					"netIncomeRatio": 0.39600272216053584,
					"eps": 7.65,
					"epsdiluted": 7.57,
					"weightedAverageShsOut": 2890000000,
					"weightedAverageShsOutDil": 2921000000,
					"link": "https://www.sec.gov/Archives/edgar/data/1326801/000132680119000009/0001326801-19-000009-index.htm",
					"finalLink": "https://www.sec.gov/Archives/edgar/data/1326801/000132680119000009/fb-12312018x10k.htm"
				},
				{
					"date": "2019-12-31",
					"symbol": "META",
					"reportedCurrency": "USD",
					"cik": "0001326801",
					"fillingDate": "2020-01-30",
					"acceptedDate": "2020-01-29 21:12:14",
					"calendarYear": "2019",
					"period": "FY",
					"revenue": 70697000000,
					"costOfRevenue": 12770000000,
					"grossProfit": 57927000000,
					"grossProfitRatio": 0.8193699874110641,
					"researchAndDevelopmentExpenses": 13600000000,
					"generalAndAdministrativeExpenses": 10465000000,
					"sellingAndMarketingExpenses": 9876000000,
					"sellingGeneralAndAdministrativeExpenses": 20341000000,
					"otherExpenses": 0,
					"operatingExpenses": 33941000000,
					"costAndExpenses": 46711000000,
					"interestIncome": 924000000,
					"interestExpense": 20000000,
					"depreciationAndAmortization": 5741000000,
					"ebitda": 30573000000,
					"ebitdaratio": 0.4324511648301908,
					"operatingIncome": 23986000000,
					"operatingIncomeRatio": 0.3392788944368219,
					"totalOtherIncomeExpensesNet": 826000000,
					"incomeBeforeTax": 24812000000,
					"incomeBeforeTaxRatio": 0.350962558524407,
					"incomeTaxExpense": 6327000000,
					"netIncome": 18485000000,
					"netIncomeRatio": 0.2614679547929898,
					"eps": 6.48,
					"epsdiluted": 6.43,
					"weightedAverageShsOut": 2854000000,
					"weightedAverageShsOutDil": 2876000000,
					"link": "https://www.sec.gov/Archives/edgar/data/1326801/000132680120000013/0001326801-20-000013-index.htm",
					"finalLink": "https://www.sec.gov/Archives/edgar/data/1326801/000132680120000013/fb-12312019x10k.htm"
				},
				{
					"date": "2020-12-31",
					"symbol": "META",
					"reportedCurrency": "USD",
					"cik": "0001326801",
					"fillingDate": "2021-01-28",
					"acceptedDate": "2021-01-27 21:13:48",
					"calendarYear": "2020",
					"period": "FY",
					"revenue": 85965000000,
					"costOfRevenue": 16692000000,
					"grossProfit": 69273000000,
					"grossProfitRatio": 0.8058279532367824,
					"researchAndDevelopmentExpenses": 18447000000,
					"generalAndAdministrativeExpenses": 6564000000,
					"sellingAndMarketingExpenses": 11591000000,
					"sellingGeneralAndAdministrativeExpenses": 18155000000,
					"otherExpenses": 0,
					"operatingExpenses": 36602000000,
					"costAndExpenses": 53294000000,
					"interestIncome": 672000000,
					"interestExpense": 672000000,
					"depreciationAndAmortization": 6862000000,
					"ebitda": 40714000000,
					"ebitdaratio": 0.4736113534578026,
					"operatingIncome": 32671000000,
					"operatingIncomeRatio": 0.3800500203571221,
					"totalOtherIncomeExpensesNet": 509000000,
					"incomeBeforeTax": 33180000000,
					"incomeBeforeTaxRatio": 0.38597103472343397,
					"incomeTaxExpense": 4034000000,
					"netIncome": 29146000000,
					"netIncomeRatio": 0.3390449601582039,
					"eps": 10.22,
					"epsdiluted": 10.09,
					"weightedAverageShsOut": 2851000000,
					"weightedAverageShsOutDil": 2888000000,
					"link": "https://www.sec.gov/Archives/edgar/data/1326801/000132680121000014/0001326801-21-000014-index.htm",
					"finalLink": "https://www.sec.gov/Archives/edgar/data/1326801/000132680121000014/fb-20201231.htm"
				},
				{
					"date": "2021-12-31",
					"symbol": "META",
					"reportedCurrency": "USD",
					"cik": "0001326801",
					"fillingDate": "2022-02-03",
					"acceptedDate": "2022-02-02 21:11:04",
					"calendarYear": "2021",
					"period": "FY",
					"revenue": 117929000000,
					"costOfRevenue": 22649000000,
					"grossProfit": 95280000000,
					"grossProfitRatio": 0.8079437627725157,
					"researchAndDevelopmentExpenses": 24655000000,
					"generalAndAdministrativeExpenses": 9829000000,
					"sellingAndMarketingExpenses": 14043000000,
					"sellingGeneralAndAdministrativeExpenses": 23872000000,
					"otherExpenses": 0,
					"operatingExpenses": 48527000000,
					"costAndExpenses": 71176000000,
					"interestIncome": 461000000,
					"interestExpense": 461000000,
					"depreciationAndAmortization": 7967000000,
					"ebitda": 55712000000,
					"ebitdaratio": 0.4724198458394458,
					"operatingIncome": 46753000000,
					"operatingIncomeRatio": 0.39645040660058173,
					"totalOtherIncomeExpensesNet": 531000000,
					"incomeBeforeTax": 47284000000,
					"incomeBeforeTaxRatio": 0.40095311585784665,
					"incomeTaxExpense": 7914000000,
					"netIncome": 39370000000,
					"netIncomeRatio": 0.3338449405998525,
					"eps": 13.99,
					"epsdiluted": 13.77,
					"weightedAverageShsOut": 2815000000,
					"weightedAverageShsOutDil": 2859000000,
					"link": "https://www.sec.gov/Archives/edgar/data/1326801/000132680122000018/0001326801-22-000018-index.htm",
					"finalLink": "https://www.sec.gov/Archives/edgar/data/1326801/000132680122000018/fb-20211231.htm"
				},
				{
					"date": "2022-12-31",
					"symbol": "META",
					"reportedCurrency": "USD",
					"cik": "0001326801",
					"fillingDate": "2023-02-02",
					"acceptedDate": "2023-02-01 20:26:31",
					"calendarYear": "2022",
					"period": "FY",
					"revenue": 116609000000,
					"costOfRevenue": 25249000000,
					"grossProfit": 91360000000,
					"grossProfitRatio": 0.7834729737841848,
					"researchAndDevelopmentExpenses": 35338000000,
					"generalAndAdministrativeExpenses": 11816000000,
					"sellingAndMarketingExpenses": 15262000000,
					"sellingGeneralAndAdministrativeExpenses": 27078000000,
					"otherExpenses": 0,
					"operatingExpenses": 62416000000,
					"costAndExpenses": 87665000000,
					"interestIncome": 0,
					"interestExpense": 125000000,
					"depreciationAndAmortization": 8686000000,
					"ebitda": 37630000000,
					"ebitdaratio": 0.32270236431150257,
					"operatingIncome": 28944000000,
					"operatingIncomeRatio": 0.24821411726367604,
					"totalOtherIncomeExpensesNet": -125000000,
					"incomeBeforeTax": 28819000000,
					"incomeBeforeTaxRatio": 0.2471421588385116,
					"incomeTaxExpense": 5619000000,
					"netIncome": 23200000000,
					"netIncomeRatio": 0.19895548371051977,
					"eps": 8.63,
					"epsdiluted": 8.59,
					"weightedAverageShsOut": 2687000000,
					"weightedAverageShsOutDil": 2702000000,
					"link": "https://www.sec.gov/Archives/edgar/data/1326801/000132680123000013/0001326801-23-000013-index.htm",
					"finalLink": "https://www.sec.gov/Archives/edgar/data/1326801/000132680123000013/meta-20221231.htm"
				}
			],
			"quarterly": [
				{
					"date": "2011-03-31",
					"symbol": "META",
					"reportedCurrency": "USD",
					"cik": "0001326801",
					"fillingDate": "2011-03-31",
					"acceptedDate": "2011-03-30 20:00:00",
					"calendarYear": "2011",
					"period": "Q1",
					"revenue": 731000000,
					"costOfRevenue": 167000000,
					"grossProfit": 564000000,
					"grossProfitRatio": 0.771545827633379,
					"researchAndDevelopmentExpenses": 57000000,
					"generalAndAdministrativeExpenses": 51000000,
					"sellingAndMarketingExpenses": 68000000,
					"sellingGeneralAndAdministrativeExpenses": 119000000,
					"otherExpenses": 0,
					"operatingExpenses": 176000000,
					"costAndExpenses": 343000000,
					"interestIncome": 0,
					"interestExpense": 7000000,
					"depreciationAndAmortization": 51000000,
					"ebitda": 456000000,
					"ebitdaratio": 0.6238030095759234,
					"operatingIncome": 388000000,
					"operatingIncomeRatio": 0.53077975376197,
					"totalOtherIncomeExpensesNet": 10000000,
					"incomeBeforeTax": 398000000,
					"incomeBeforeTaxRatio": 0.5444596443228454,
					"incomeTaxExpense": 165000000,
					"netIncome": 233000000,
					"netIncomeRatio": 0.31874145006839943,
					"eps": 0.071966,
					"epsdiluted": 0.064803,
					"weightedAverageShsOut": 2126000000,
					"weightedAverageShsOutDil": 2361000000,
					"link": "",
					"finalLink": ""
				},
				{
					"date": "2011-06-30",
					"symbol": "META",
					"reportedCurrency": "USD",
					"cik": "0001326801",
					"fillingDate": "2011-06-30",
					"acceptedDate": "2011-06-29 20:00:00",
					"calendarYear": "2011",
					"period": "Q2",
					"revenue": 895000000,
					"costOfRevenue": 210000000,
					"grossProfit": 685000000,
					"grossProfitRatio": 0.7653631284916201,
					"researchAndDevelopmentExpenses": 99000000,
					"generalAndAdministrativeExpenses": 83000000,
					"sellingAndMarketingExpenses": 96000000,
					"sellingGeneralAndAdministrativeExpenses": 179000000,
					"otherExpenses": 0,
					"operatingExpenses": 278000000,
					"costAndExpenses": 488000000,
					"interestIncome": 0,
					"interestExpense": 9000000,
					"depreciationAndAmortization": 72000000,
					"ebitda": 480000000,
					"ebitdaratio": 0.5363128491620112,
					"operatingIncome": 407000000,
					"operatingIncomeRatio": 0.4547486033519553,
					"totalOtherIncomeExpensesNet": -8000000,
					"incomeBeforeTax": 399000000,
					"incomeBeforeTaxRatio": 0.44581005586592176,
					"incomeTaxExpense": 159000000,
					"netIncome": 240000000,
					"netIncomeRatio": 0.2681564245810056,
					"eps": 0.074788,
					"epsdiluted": 0.067344,
					"weightedAverageShsOut": 2126000000,
					"weightedAverageShsOutDil": 2361000000,
					"link": "",
					"finalLink": ""
				},
				{
					"date": "2011-09-30",
					"symbol": "META",
					"reportedCurrency": "USD",
					"cik": "0001326801",
					"fillingDate": "2011-09-30",
					"acceptedDate": "2011-09-29 20:00:00",
					"calendarYear": "2011",
					"period": "Q3",
					"revenue": 954000000,
					"costOfRevenue": 236000000,
					"grossProfit": 718000000,
					"grossProfitRatio": 0.7526205450733753,
					"researchAndDevelopmentExpenses": 108000000,
					"generalAndAdministrativeExpenses": 82000000,
					"sellingAndMarketingExpenses": 114000000,
					"sellingGeneralAndAdministrativeExpenses": 196000000,
					"otherExpenses": 0,
					"operatingExpenses": 304000000,
					"costAndExpenses": 540000000,
					"interestIncome": 0,
					"interestExpense": 10000000,
					"depreciationAndAmortization": 97000000,
					"ebitda": 486000000,
					"ebitdaratio": 0.5094339622641509,
					"operatingIncome": 414000000,
					"operatingIncomeRatio": 0.4339622641509434,
					"totalOtherIncomeExpensesNet": -35000000,
					"incomeBeforeTax": 379000000,
					"incomeBeforeTaxRatio": 0.3972746331236897,
					"incomeTaxExpense": 152000000,
					"netIncome": 227000000,
					"netIncomeRatio": 0.2379454926624738,
					"eps": 0.070555,
					"epsdiluted": 0.063532,
					"weightedAverageShsOut": 2126000000,
					"weightedAverageShsOutDil": 2361000000,
					"link": "",
					"finalLink": ""
				},
				{
					"date": "2011-12-31",
					"symbol": "META",
					"reportedCurrency": "USD",
					"cik": "0001326801",
					"fillingDate": "2011-12-31",
					"acceptedDate": "2011-12-30 19:00:00",
					"calendarYear": "2011",
					"period": "Q4",
					"revenue": 1131000000,
					"costOfRevenue": 247000000,
					"grossProfit": 884000000,
					"grossProfitRatio": 0.7816091954022989,
					"researchAndDevelopmentExpenses": 124000000,
					"generalAndAdministrativeExpenses": 58000000,
					"sellingAndMarketingExpenses": 155000000,
					"sellingGeneralAndAdministrativeExpenses": 213000000,
					"otherExpenses": 0,
					"operatingExpenses": 337000000,
					"costAndExpenses": 584000000,
					"interestIncome": 0,
					"interestExpense": 16000000,
					"depreciationAndAmortization": 103000000,
					"ebitda": 638000000,
					"ebitdaratio": 0.5641025641025641,
					"operatingIncome": 547000000,
					"operatingIncomeRatio": 0.48364279398762156,
					"totalOtherIncomeExpensesNet": -28000000,
					"incomeBeforeTax": 519000000,
					"incomeBeforeTaxRatio": 0.4588859416445623,
					"incomeTaxExpense": 217000000,
					"netIncome": 302000000,
					"netIncomeRatio": 0.26702033598585323,
					"eps": 0.14,
					"epsdiluted": 0.13,
					"weightedAverageShsOut": 2126000000,
					"weightedAverageShsOutDil": 2361000000,
					"link": "",
					"finalLink": ""
				},
				{
					"date": "2012-03-31",
					"symbol": "META",
					"reportedCurrency": "USD",
					"cik": "0001326801",
					"fillingDate": "2012-03-31",
					"acceptedDate": "2012-03-30 20:00:00",
					"calendarYear": "2012",
					"period": "Q1",
					"revenue": 1058000000,
					"costOfRevenue": 277000000,
					"grossProfit": 781000000,
					"grossProfitRatio": 0.7381852551984878,
					"researchAndDevelopmentExpenses": 153000000,
					"generalAndAdministrativeExpenses": 88000000,
					"sellingAndMarketingExpenses": 159000000,
					"sellingGeneralAndAdministrativeExpenses": 247000000,
					"otherExpenses": 0,
					"operatingExpenses": 400000000,
					"costAndExpenses": 677000000,
					"interestIncome": 0,
					"interestExpense": 13000000,
					"depreciationAndAmortization": 110000000,
					"ebitda": 505000000,
					"ebitdaratio": 0.4773156899810964,
					"operatingIncome": 381000000,
					"operatingIncomeRatio": 0.3601134215500945,
					"totalOtherIncomeExpensesNet": 1000000,
					"incomeBeforeTax": 382000000,
					"incomeBeforeTaxRatio": 0.3610586011342155,
					"incomeTaxExpense": 177000000,
					"netIncome": 205000000,
					"netIncomeRatio": 0.1937618147448015,
					"eps": 0.1,
					"epsdiluted": 0.09,
					"weightedAverageShsOut": 2126000000,
					"weightedAverageShsOutDil": 2361000000,
					"link": "",
					"finalLink": ""
				},
				{
					"date": "2012-06-30",
					"symbol": "META",
					"reportedCurrency": "USD",
					"cik": "0001326801",
					"fillingDate": "2012-07-31",
					"acceptedDate": "2012-07-31 16:39:19",
					"calendarYear": "2012",
					"period": "Q2",
					"revenue": 1184000000,
					"costOfRevenue": 367000000,
					"grossProfit": 817000000,
					"grossProfitRatio": 0.6900337837837838,
					"researchAndDevelopmentExpenses": 705000000,
					"generalAndAdministrativeExpenses": 463000000,
					"sellingAndMarketingExpenses": 392000000,
					"sellingGeneralAndAdministrativeExpenses": 855000000,
					"otherExpenses": 0,
					"operatingExpenses": 1560000000,
					"costAndExpenses": 1927000000,
					"interestIncome": 0,
					"interestExpense": 10000000,
					"depreciationAndAmortization": 139000000,
					"ebitda": -616000000,
					"ebitdaratio": -0.5202702702702703,
					"operatingIncome": -743000000,
					"operatingIncomeRatio": -0.6275337837837838,
					"totalOtherIncomeExpensesNet": -22000000,
					"incomeBeforeTax": -765000000,
					"incomeBeforeTaxRatio": -0.6461148648648649,
					"incomeTaxExpense": -608000000,
					"netIncome": -157000000,
					"netIncomeRatio": -0.13260135135135134,
					"eps": -0.08,
					"epsdiluted": -0.08,
					"weightedAverageShsOut": 1879000000,
					"weightedAverageShsOutDil": 1879000000,
					"link": "https://www.sec.gov/Archives/edgar/data/1326801/000119312512325997/0001193125-12-325997-index.htm",
					"finalLink": "https://www.sec.gov/Archives/edgar/data/1326801/000119312512325997/d371464d10q.htm"
				},
				{
					"date": "2012-09-30",
					"symbol": "META",
					"reportedCurrency": "USD",
					"cik": "0001326801",
					"fillingDate": "2012-10-24",
					"acceptedDate": "2012-10-24 16:20:35",
					"calendarYear": "2012",
					"period": "Q3",
					"revenue": 1262000000,
					"costOfRevenue": 322000000,
					"grossProfit": 940000000,
					"grossProfitRatio": 0.7448494453248812,
					"researchAndDevelopmentExpenses": 244000000,
					"generalAndAdministrativeExpenses": 151000000,
					"sellingAndMarketingExpenses": 168000000,
					"sellingGeneralAndAdministrativeExpenses": 319000000,
					"otherExpenses": 0,
					"operatingExpenses": 563000000,
					"costAndExpenses": 885000000,
					"interestIncome": 0,
					"interestExpense": 11000000,
					"depreciationAndAmortization": 176000000,
					"ebitda": 559000000,
					"ebitdaratio": 0.4429477020602219,
					"operatingIncome": 377000000,
					"operatingIncomeRatio": 0.2987321711568938,
					"totalOtherIncomeExpensesNet": -5000000,
					"incomeBeforeTax": 372000000,
					"incomeBeforeTaxRatio": 0.294770206022187,
					"incomeTaxExpense": 431000000,
					"netIncome": -59000000,
					"netIncomeRatio": -0.04675118858954041,
					"eps": -0.02,
					"epsdiluted": -0.02,
					"weightedAverageShsOut": 2420000000,
					"weightedAverageShsOutDil": 2420000000,
					"link": "https://www.sec.gov/Archives/edgar/data/1326801/000132680112000006/0001326801-12-000006-index.htm",
					"finalLink": "https://www.sec.gov/Archives/edgar/data/1326801/000132680112000006/fb-9302012x10q.htm"
				},
				{
					"date": "2012-12-31",
					"symbol": "META",
					"reportedCurrency": "USD",
					"cik": "0001326801",
					"fillingDate": "2013-02-01",
					"acceptedDate": "2013-02-01 16:43:01",
					"calendarYear": "2012",
					"period": "Q4",
					"revenue": 1585000000,
					"costOfRevenue": 397000000,
					"grossProfit": 1188000000,
					"grossProfitRatio": 0.7495268138801262,
					"researchAndDevelopmentExpenses": 297000000,
					"generalAndAdministrativeExpenses": 175000000,
					"sellingAndMarketingExpenses": 193000000,
					"sellingGeneralAndAdministrativeExpenses": 368000000,
					"otherExpenses": 0,
					"operatingExpenses": 665000000,
					"costAndExpenses": 1062000000,
					"interestIncome": 0,
					"interestExpense": 16000000,
					"depreciationAndAmortization": 224000000,
					"ebitda": 745000000,
					"ebitdaratio": 0.47003154574132494,
					"operatingIncome": 523000000,
					"operatingIncomeRatio": 0.3299684542586751,
					"totalOtherIncomeExpensesNet": -18000000,
					"incomeBeforeTax": 505000000,
					"incomeBeforeTaxRatio": 0.3186119873817035,
					"incomeTaxExpense": 441000000,
					"netIncome": 64000000,
					"netIncomeRatio": 0.04037854889589906,
					"eps": 0.03,
					"epsdiluted": 0.03,
					"weightedAverageShsOut": 2368000000,
					"weightedAverageShsOutDil": 2506000000,
					"link": "https://www.sec.gov/Archives/edgar/data/1326801/000132680113000003/0001326801-13-000003-index.htm",
					"finalLink": "https://www.sec.gov/Archives/edgar/data/1326801/000132680113000003/fb-12312012x10k.htm"
				},
				{
					"date": "2013-03-31",
					"symbol": "META",
					"reportedCurrency": "USD",
					"cik": "0001326801",
					"fillingDate": "2013-05-02",
					"acceptedDate": "2013-05-02 16:36:18",
					"calendarYear": "2013",
					"period": "Q1",
					"revenue": 1458000000,
					"costOfRevenue": 413000000,
					"grossProfit": 1045000000,
					"grossProfitRatio": 0.7167352537722909,
					"researchAndDevelopmentExpenses": 293000000,
					"generalAndAdministrativeExpenses": 176000000,
					"sellingAndMarketingExpenses": 203000000,
					"sellingGeneralAndAdministrativeExpenses": 379000000,
					"otherExpenses": 0,
					"operatingExpenses": 672000000,
					"costAndExpenses": 1085000000,
					"interestIncome": 0,
					"interestExpense": 15000000,
					"depreciationAndAmortization": 241000000,
					"ebitda": 609000000,
					"ebitdaratio": 0.4176954732510288,
					"operatingIncome": 373000000,
					"operatingIncomeRatio": 0.2558299039780521,
					"totalOtherIncomeExpensesNet": -20000000,
					"incomeBeforeTax": 353000000,
					"incomeBeforeTaxRatio": 0.2421124828532236,
					"incomeTaxExpense": 134000000,
					"netIncome": 219000000,
					"netIncomeRatio": 0.15020576131687244,
					"eps": 0.09,
					"epsdiluted": 0.09,
					"weightedAverageShsOut": 2386000000,
					"weightedAverageShsOutDil": 2499000000,
					"link": "https://www.sec.gov/Archives/edgar/data/1326801/000132680113000011/0001326801-13-000011-index.htm",
					"finalLink": "https://www.sec.gov/Archives/edgar/data/1326801/000132680113000011/fb-3312013x10q.htm"
				},
				{
					"date": "2013-06-30",
					"symbol": "META",
					"reportedCurrency": "USD",
					"cik": "0001326801",
					"fillingDate": "2013-07-25",
					"acceptedDate": "2013-07-25 16:42:31",
					"calendarYear": "2013",
					"period": "Q2",
					"revenue": 1813000000,
					"costOfRevenue": 465000000,
					"grossProfit": 1348000000,
					"grossProfitRatio": 0.7435190292333149,
					"researchAndDevelopmentExpenses": 344000000,
					"generalAndAdministrativeExpenses": 173000000,
					"sellingAndMarketingExpenses": 269000000,
					"sellingGeneralAndAdministrativeExpenses": 442000000,
					"otherExpenses": 0,
					"operatingExpenses": 786000000,
					"costAndExpenses": 1251000000,
					"interestIncome": 0,
					"interestExpense": 14000000,
					"depreciationAndAmortization": 222000000,
					"ebitda": 781000000,
					"ebitdaratio": 0.4307777164920022,
					"operatingIncome": 562000000,
					"operatingIncomeRatio": 0.3099834528405957,
					"totalOtherIncomeExpensesNet": -17000000,
					"incomeBeforeTax": 545000000,
					"incomeBeforeTaxRatio": 0.3006067291781577,
					"incomeTaxExpense": 212000000,
					"netIncome": 333000000,
					"netIncomeRatio": 0.1836734693877551,
					"eps": 0.14,
					"epsdiluted": 0.13,
					"weightedAverageShsOut": 2407000000,
					"weightedAverageShsOutDil": 2502000000,
					"link": "https://www.sec.gov/Archives/edgar/data/1326801/000132680113000019/0001326801-13-000019-index.htm",
					"finalLink": "https://www.sec.gov/Archives/edgar/data/1326801/000132680113000019/fb-6302013x10q.htm"
				},
				{
					"date": "2013-09-30",
					"symbol": "META",
					"reportedCurrency": "USD",
					"cik": "0001326801",
					"fillingDate": "2013-11-01",
					"acceptedDate": "2013-10-31 18:07:03",
					"calendarYear": "2013",
					"period": "Q3",
					"revenue": 2016000000,
					"costOfRevenue": 507000000,
					"grossProfit": 1509000000,
					"grossProfitRatio": 0.7485119047619048,
					"researchAndDevelopmentExpenses": 369000000,
					"generalAndAdministrativeExpenses": 171000000,
					"sellingAndMarketingExpenses": 233000000,
					"sellingGeneralAndAdministrativeExpenses": 404000000,
					"otherExpenses": 0,
					"operatingExpenses": 773000000,
					"costAndExpenses": 1280000000,
					"interestIncome": 0,
					"interestExpense": 21000000,
					"depreciationAndAmortization": 274000000,
					"ebitda": 1021000000,
					"ebitdaratio": 0.5064484126984127,
					"operatingIncome": 736000000,
					"operatingIncomeRatio": 0.36507936507936506,
					"totalOtherIncomeExpensesNet": -10000000,
					"incomeBeforeTax": 726000000,
					"incomeBeforeTaxRatio": 0.3601190476190476,
					"incomeTaxExpense": 301000000,
					"netIncome": 425000000,
					"netIncomeRatio": 0.21081349206349206,
					"eps": 0.17,
					"epsdiluted": 0.17,
					"weightedAverageShsOut": 2430000000,
					"weightedAverageShsOutDil": 2528000000,
					"link": "https://www.sec.gov/Archives/edgar/data/1326801/000132680113000031/0001326801-13-000031-index.htm",
					"finalLink": "https://www.sec.gov/Archives/edgar/data/1326801/000132680113000031/fb-9302013x10q.htm"
				},
				{
					"date": "2013-12-31",
					"symbol": "META",
					"reportedCurrency": "USD",
					"cik": "0001326801",
					"fillingDate": "2014-01-31",
					"acceptedDate": "2014-01-31 16:10:34",
					"calendarYear": "2013",
					"period": "Q4",
					"revenue": 2586000000,
					"costOfRevenue": 491000000,
					"grossProfit": 2095000000,
					"grossProfitRatio": 0.8101314771848415,
					"researchAndDevelopmentExpenses": 409000000,
					"generalAndAdministrativeExpenses": 261000000,
					"sellingAndMarketingExpenses": 293000000,
					"sellingGeneralAndAdministrativeExpenses": 554000000,
					"otherExpenses": 0,
					"operatingExpenses": 963000000,
					"costAndExpenses": 1454000000,
					"interestIncome": 0,
					"interestExpense": 6000000,
					"depreciationAndAmortization": 274000000,
					"ebitda": 1410000000,
					"ebitdaratio": 0.5452436194895591,
					"operatingIncome": 1132000000,
					"operatingIncomeRatio": 0.4377416860015468,
					"totalOtherIncomeExpensesNet": -2000000,
					"incomeBeforeTax": 1130000000,
					"incomeBeforeTaxRatio": 0.43696829079659705,
					"incomeTaxExpense": 607000000,
					"netIncome": 523000000,
					"netIncomeRatio": 0.20224284609435422,
					"eps": 0.21,
					"epsdiluted": 0.2,
					"weightedAverageShsOut": 2458000000,
					"weightedAverageShsOutDil": 2558000000,
					"link": "https://www.sec.gov/Archives/edgar/data/1326801/000132680114000007/0001326801-14-000007-index.htm",
					"finalLink": "https://www.sec.gov/Archives/edgar/data/1326801/000132680114000007/fb-12312013x10k.htm"
				},
				{
					"date": "2014-03-31",
					"symbol": "META",
					"reportedCurrency": "USD",
					"cik": "0001326801",
					"fillingDate": "2014-04-25",
					"acceptedDate": "2014-04-25 16:02:52",
					"calendarYear": "2014",
					"period": "Q1",
					"revenue": 2502000000,
					"costOfRevenue": 462000000,
					"grossProfit": 2040000000,
					"grossProfitRatio": 0.815347721822542,
					"researchAndDevelopmentExpenses": 455000000,
					"generalAndAdministrativeExpenses": 187000000,
					"sellingAndMarketingExpenses": 323000000,
					"sellingGeneralAndAdministrativeExpenses": 510000000,
					"otherExpenses": 0,
					"operatingExpenses": 965000000,
					"costAndExpenses": 1427000000,
					"interestIncome": 0,
					"interestExpense": 0,
					"depreciationAndAmortization": 264000000,
					"ebitda": 1339000000,
					"ebitdaratio": 0.535171862509992,
					"operatingIncome": 1075000000,
					"operatingIncomeRatio": 0.42965627498001596,
					"totalOtherIncomeExpensesNet": 0,
					"incomeBeforeTax": 1075000000,
					"incomeBeforeTaxRatio": 0.42965627498001596,
					"incomeTaxExpense": 433000000,
					"netIncome": 642000000,
					"netIncomeRatio": 0.2565947242206235,
					"eps": 0.25,
					"epsdiluted": 0.25,
					"weightedAverageShsOut": 2545000000,
					"weightedAverageShsOutDil": 2609000000,
					"link": "https://www.sec.gov/Archives/edgar/data/1326801/000132680114000023/0001326801-14-000023-index.htm",
					"finalLink": "https://www.sec.gov/Archives/edgar/data/1326801/000132680114000023/fb-3312014x10q.htm"
				},
				{
					"date": "2014-06-30",
					"symbol": "META",
					"reportedCurrency": "USD",
					"cik": "0001326801",
					"fillingDate": "2014-07-24",
					"acceptedDate": "2014-07-24 16:25:39",
					"calendarYear": "2014",
					"period": "Q2",
					"revenue": 2910000000,
					"costOfRevenue": 473000000,
					"grossProfit": 2437000000,
					"grossProfitRatio": 0.8374570446735395,
					"researchAndDevelopmentExpenses": 492000000,
					"generalAndAdministrativeExpenses": 197000000,
					"sellingAndMarketingExpenses": 358000000,
					"sellingGeneralAndAdministrativeExpenses": 555000000,
					"otherExpenses": 0,
					"operatingExpenses": 1047000000,
					"costAndExpenses": 1520000000,
					"interestIncome": 0,
					"interestExpense": 0,
					"depreciationAndAmortization": 257000000,
					"ebitda": 1643000000,
					"ebitdaratio": 0.5646048109965636,
					"operatingIncome": 1390000000,
					"operatingIncomeRatio": 0.47766323024054985,
					"totalOtherIncomeExpensesNet": -4000000,
					"incomeBeforeTax": 1386000000,
					"incomeBeforeTaxRatio": 0.4762886597938144,
					"incomeTaxExpense": 595000000,
					"netIncome": 791000000,
					"netIncomeRatio": 0.2718213058419244,
					"eps": 0.31,
					"epsdiluted": 0.3,
					"weightedAverageShsOut": 2560000000,
					"weightedAverageShsOutDil": 2615000000,
					"link": "https://www.sec.gov/Archives/edgar/data/1326801/000132680114000032/0001326801-14-000032-index.htm",
					"finalLink": "https://www.sec.gov/Archives/edgar/data/1326801/000132680114000032/fb-6302014x10q.htm"
				},
				{
					"date": "2014-09-30",
					"symbol": "META",
					"reportedCurrency": "USD",
					"cik": "0001326801",
					"fillingDate": "2014-10-30",
					"acceptedDate": "2014-10-30 06:02:31",
					"calendarYear": "2014",
					"period": "Q3",
					"revenue": 3203000000,
					"costOfRevenue": 565000000,
					"grossProfit": 2638000000,
					"grossProfitRatio": 0.823602872307212,
					"researchAndDevelopmentExpenses": 608000000,
					"generalAndAdministrativeExpenses": 259000000,
					"sellingAndMarketingExpenses": 374000000,
					"sellingGeneralAndAdministrativeExpenses": 633000000,
					"otherExpenses": 0,
					"operatingExpenses": 1241000000,
					"costAndExpenses": 1806000000,
					"interestIncome": 4000000,
					"interestExpense": 4000000,
					"depreciationAndAmortization": 289000000,
					"ebitda": 1629000000,
					"ebitdaratio": 0.5085857009054012,
					"operatingIncome": 1397000000,
					"operatingIncomeRatio": 0.43615360599438024,
					"totalOtherIncomeExpensesNet": -61000000,
					"incomeBeforeTax": 1336000000,
					"incomeBeforeTaxRatio": 0.4171089603496722,
					"incomeTaxExpense": 530000000,
					"netIncome": 806000000,
					"netIncomeRatio": 0.2516390883546675,
					"eps": 0.31,
					"epsdiluted": 0.3,
					"weightedAverageShsOut": 2587000000,
					"weightedAverageShsOutDil": 2644000000,
					"link": "https://www.sec.gov/Archives/edgar/data/1326801/000132680114000068/0001326801-14-000068-index.htm",
					"finalLink": "https://www.sec.gov/Archives/edgar/data/1326801/000132680114000068/fb-9302014x10q.htm"
				},
				{
					"date": "2014-12-31",
					"symbol": "META",
					"reportedCurrency": "USD",
					"cik": "0001326801",
					"fillingDate": "2015-02-13",
					"acceptedDate": "2015-02-13 17:19:03",
					"calendarYear": "2014",
					"period": "Q4",
					"revenue": 3851000000,
					"costOfRevenue": 652000000,
					"grossProfit": 3199000000,
					"grossProfitRatio": 0.830693326408725,
					"researchAndDevelopmentExpenses": 1111000000,
					"generalAndAdministrativeExpenses": 330000000,
					"sellingAndMarketingExpenses": 625000000,
					"sellingGeneralAndAdministrativeExpenses": 955000000,
					"otherExpenses": 0,
					"operatingExpenses": 2066000000,
					"costAndExpenses": 2718000000,
					"interestIncome": 23000000,
					"interestExpense": 0,
					"depreciationAndAmortization": 433000000,
					"ebitda": 1547000000,
					"ebitdaratio": 0.40171384056089326,
					"operatingIncome": 1133000000,
					"operatingIncomeRatio": 0.2942092962866788,
					"totalOtherIncomeExpensesNet": -19000000,
					"incomeBeforeTax": 1114000000,
					"incomeBeforeTaxRatio": 0.2892755128538042,
					"incomeTaxExpense": 413000000,
					"netIncome": 701000000,
					"netIncomeRatio": 0.18203064139184627,
					"eps": 0.25,
					"epsdiluted": 0.25,
					"weightedAverageShsOut": 2761000000,
					"weightedAverageShsOutDil": 2816000000,
					"link": "https://www.sec.gov/Archives/edgar/data/1326801/000132680115000010/0001326801-15-000010-index.htm",
					"finalLink": "https://www.sec.gov/Archives/edgar/data/1326801/000132680115000010/amendment1form10-ka.htm"
				},
				{
					"date": "2015-03-31",
					"symbol": "META",
					"reportedCurrency": "USD",
					"cik": "0001326801",
					"fillingDate": "2015-04-23",
					"acceptedDate": "2015-04-23 16:23:16",
					"calendarYear": "2015",
					"period": "Q1",
					"revenue": 3543000000,
					"costOfRevenue": 654000000,
					"grossProfit": 2889000000,
					"grossProfitRatio": 0.8154106689246401,
					"researchAndDevelopmentExpenses": 1062000000,
					"generalAndAdministrativeExpenses": 274000000,
					"sellingAndMarketingExpenses": 620000000,
					"sellingGeneralAndAdministrativeExpenses": 894000000,
					"otherExpenses": 0,
					"operatingExpenses": 1956000000,
					"costAndExpenses": 2610000000,
					"interestIncome": 2000000,
					"interestExpense": 2000000,
					"depreciationAndAmortization": 457000000,
					"ebitda": 1391000000,
					"ebitdaratio": 0.39260513688964155,
					"operatingIncome": 933000000,
					"operatingIncomeRatio": 0.26333615580016934,
					"totalOtherIncomeExpensesNet": -1000000,
					"incomeBeforeTax": 932000000,
					"incomeBeforeTaxRatio": 0.2630539091165679,
					"incomeTaxExpense": 420000000,
					"netIncome": 512000000,
					"netIncomeRatio": 0.14451030200395146,
					"eps": 0.18,
					"epsdiluted": 0.18,
					"weightedAverageShsOut": 2784000000,
					"weightedAverageShsOutDil": 2836000000,
					"link": "https://www.sec.gov/Archives/edgar/data/1326801/000132680115000015/0001326801-15-000015-index.htm",
					"finalLink": "https://www.sec.gov/Archives/edgar/data/1326801/000132680115000015/fb-3312015x10q.htm"
				},
				{
					"date": "2015-06-30",
					"symbol": "META",
					"reportedCurrency": "USD",
					"cik": "0001326801",
					"fillingDate": "2015-07-31",
					"acceptedDate": "2015-07-30 18:43:25",
					"calendarYear": "2015",
					"period": "Q2",
					"revenue": 4042000000,
					"costOfRevenue": 668000000,
					"grossProfit": 3374000000,
					"grossProfitRatio": 0.8347352795645719,
					"researchAndDevelopmentExpenses": 1170000000,
					"generalAndAdministrativeExpenses": 305000000,
					"sellingAndMarketingExpenses": 626000000,
					"sellingGeneralAndAdministrativeExpenses": 931000000,
					"otherExpenses": 0,
					"operatingExpenses": 2101000000,
					"costAndExpenses": 2769000000,
					"interestIncome": 5000000,
					"interestExpense": 5000000,
					"depreciationAndAmortization": 459000000,
					"ebitda": 1737000000,
					"ebitdaratio": 0.429737753587333,
					"operatingIncome": 1273000000,
					"operatingIncomeRatio": 0.3149430974764968,
					"totalOtherIncomeExpensesNet": 0,
					"incomeBeforeTax": 1273000000,
					"incomeBeforeTaxRatio": 0.3149430974764968,
					"incomeTaxExpense": 554000000,
					"netIncome": 719000000,
					"netIncomeRatio": 0.17788223651657595,
					"eps": 0.26,
					"epsdiluted": 0.25,
					"weightedAverageShsOut": 2796000000,
					"weightedAverageShsOutDil": 2850000000,
					"link": "https://www.sec.gov/Archives/edgar/data/1326801/000132680115000028/0001326801-15-000028-index.htm",
					"finalLink": "https://www.sec.gov/Archives/edgar/data/1326801/000132680115000028/fb-6302015x10q.htm"
				},
				{
					"date": "2015-09-30",
					"symbol": "META",
					"reportedCurrency": "USD",
					"cik": "0001326801",
					"fillingDate": "2015-11-05",
					"acceptedDate": "2015-11-05 16:47:45",
					"calendarYear": "2015",
					"period": "Q3",
					"revenue": 4501000000,
					"costOfRevenue": 720000000,
					"grossProfit": 3781000000,
					"grossProfitRatio": 0.8400355476560765,
					"researchAndDevelopmentExpenses": 1271000000,
					"generalAndAdministrativeExpenses": 345000000,
					"sellingAndMarketingExpenses": 706000000,
					"sellingGeneralAndAdministrativeExpenses": 1051000000,
					"otherExpenses": 0,
					"operatingExpenses": 2322000000,
					"costAndExpenses": 3042000000,
					"interestIncome": 7000000,
					"interestExpense": 7000000,
					"depreciationAndAmortization": 486000000,
					"ebitda": 1925000000,
					"ebitdaratio": 0.4276827371695179,
					"operatingIncome": 1459000000,
					"operatingIncomeRatio": 0.3241501888469229,
					"totalOtherIncomeExpensesNet": -27000000,
					"incomeBeforeTax": 1432000000,
					"incomeBeforeTaxRatio": 0.3181515218840258,
					"incomeTaxExpense": 536000000,
					"netIncome": 896000000,
					"netIncomeRatio": 0.19906687402799378,
					"eps": 0.32,
					"epsdiluted": 0.31,
					"weightedAverageShsOut": 2808000000,
					"weightedAverageShsOutDil": 2863000000,
					"link": "https://www.sec.gov/Archives/edgar/data/1326801/000132680115000032/0001326801-15-000032-index.htm",
					"finalLink": "https://www.sec.gov/Archives/edgar/data/1326801/000132680115000032/fb-9302015x10q.htm"
				},
				{
					"date": "2015-12-31",
					"symbol": "META",
					"reportedCurrency": "USD",
					"cik": "0001326801",
					"fillingDate": "2016-01-28",
					"acceptedDate": "2016-01-28 16:17:07",
					"calendarYear": "2015",
					"period": "Q4",
					"revenue": 5841000000,
					"costOfRevenue": 824000000,
					"grossProfit": 5017000000,
					"grossProfitRatio": 0.8589282657079267,
					"researchAndDevelopmentExpenses": 1314000000,
					"generalAndAdministrativeExpenses": 371000000,
					"sellingAndMarketingExpenses": 772000000,
					"sellingGeneralAndAdministrativeExpenses": 1143000000,
					"otherExpenses": 0,
					"operatingExpenses": 2457000000,
					"costAndExpenses": 3281000000,
					"interestIncome": 37000000,
					"interestExpense": 14000000,
					"depreciationAndAmortization": 543000000,
					"ebitda": 3114000000,
					"ebitdaratio": 0.5331278890600925,
					"operatingIncome": 2560000000,
					"operatingIncomeRatio": 0.43828111624721794,
					"totalOtherIncomeExpensesNet": -3000000,
					"incomeBeforeTax": 2557000000,
					"incomeBeforeTaxRatio": 0.43776750556411576,
					"incomeTaxExpense": 996000000,
					"netIncome": 1561000000,
					"netIncomeRatio": 0.2672487587741825,
					"eps": 0.55,
					"epsdiluted": 0.54,
					"weightedAverageShsOut": 2825000000,
					"weightedAverageShsOutDil": 2878000000,
					"link": "https://www.sec.gov/Archives/edgar/data/1326801/000132680116000063/0001326801-16-000063-index.htm",
					"finalLink": "https://www.sec.gov/Archives/edgar/data/1326801/000132680116000063/a1231201510-ka.htm"
				},
				{
					"date": "2016-03-31",
					"symbol": "META",
					"reportedCurrency": "USD",
					"cik": "0001326801",
					"fillingDate": "2016-04-28",
					"acceptedDate": "2016-04-28 16:15:04",
					"calendarYear": "2016",
					"period": "Q1",
					"revenue": 5382000000,
					"costOfRevenue": 838000000,
					"grossProfit": 4544000000,
					"grossProfitRatio": 0.84429580081754,
					"researchAndDevelopmentExpenses": 1343000000,
					"generalAndAdministrativeExpenses": 366000000,
					"sellingAndMarketingExpenses": 826000000,
					"sellingGeneralAndAdministrativeExpenses": 1192000000,
					"otherExpenses": 0,
					"operatingExpenses": 2535000000,
					"costAndExpenses": 3373000000,
					"interestIncome": 27000000,
					"interestExpense": 27000000,
					"depreciationAndAmortization": 552000000,
					"ebitda": 2644000000,
					"ebitdaratio": 0.49126718691936083,
					"operatingIncome": 2009000000,
					"operatingIncomeRatio": 0.37328130806391674,
					"totalOtherIncomeExpensesNet": 56000000,
					"incomeBeforeTax": 2065000000,
					"incomeBeforeTaxRatio": 0.3836863619472315,
					"incomeTaxExpense": 555000000,
					"netIncome": 1510000000,
					"netIncomeRatio": 0.28056484578223706,
					"eps": 0.53,
					"epsdiluted": 0.52,
					"weightedAverageShsOut": 2843000000,
					"weightedAverageShsOutDil": 2888000000,
					"link": "https://www.sec.gov/Archives/edgar/data/1326801/000132680116000067/0001326801-16-000067-index.htm",
					"finalLink": "https://www.sec.gov/Archives/edgar/data/1326801/000132680116000067/fb-3312016x10q.htm"
				},
				{
					"date": "2016-06-30",
					"symbol": "META",
					"reportedCurrency": "USD",
					"cik": "0001326801",
					"fillingDate": "2016-07-28",
					"acceptedDate": "2016-07-28 16:19:58",
					"calendarYear": "2016",
					"period": "Q2",
					"revenue": 6436000000,
					"costOfRevenue": 916000000,
					"grossProfit": 5520000000,
					"grossProfitRatio": 0.8576755748912368,
					"researchAndDevelopmentExpenses": 1463000000,
					"generalAndAdministrativeExpenses": 412000000,
					"sellingAndMarketingExpenses": 899000000,
					"sellingGeneralAndAdministrativeExpenses": 1311000000,
					"otherExpenses": 0,
					"operatingExpenses": 2774000000,
					"costAndExpenses": 3690000000,
					"interestIncome": 32000000,
					"interestExpense": 32000000,
					"depreciationAndAmortization": 585000000,
					"ebitda": 3383000000,
					"ebitdaratio": 0.5256370416407706,
					"operatingIncome": 2746000000,
					"operatingIncomeRatio": 0.4266625233064015,
					"totalOtherIncomeExpensesNet": 20000000,
					"incomeBeforeTax": 2766000000,
					"incomeBeforeTaxRatio": 0.4297700435052828,
					"incomeTaxExpense": 711000000,
					"netIncome": 2055000000,
					"netIncomeRatio": 0.31929770043505284,
					"eps": 0.72,
					"epsdiluted": 0.71,
					"weightedAverageShsOut": 2856000000,
					"weightedAverageShsOutDil": 2904000000,
					"link": "https://www.sec.gov/Archives/edgar/data/1326801/000132680116000082/0001326801-16-000082-index.htm",
					"finalLink": "https://www.sec.gov/Archives/edgar/data/1326801/000132680116000082/fb-6302016x10q.htm"
				},
				{
					"date": "2016-09-30",
					"symbol": "META",
					"reportedCurrency": "USD",
					"cik": "0001326801",
					"fillingDate": "2016-11-03",
					"acceptedDate": "2016-11-03 16:05:28",
					"calendarYear": "2016",
					"period": "Q3",
					"revenue": 7011000000,
					"costOfRevenue": 987000000,
					"grossProfit": 6024000000,
					"grossProfitRatio": 0.8592212237911853,
					"researchAndDevelopmentExpenses": 1539000000,
					"generalAndAdministrativeExpenses": 438000000,
					"sellingAndMarketingExpenses": 925000000,
					"sellingGeneralAndAdministrativeExpenses": 1363000000,
					"otherExpenses": 0,
					"operatingExpenses": 2902000000,
					"costAndExpenses": 3889000000,
					"interestIncome": 50000000,
					"interestExpense": 50000000,
					"depreciationAndAmortization": 591000000,
					"ebitda": 3810000000,
					"ebitdaratio": 0.5434317501069748,
					"operatingIncome": 3122000000,
					"operatingIncomeRatio": 0.445300242476109,
					"totalOtherIncomeExpensesNet": 47000000,
					"incomeBeforeTax": 3169000000,
					"incomeBeforeTaxRatio": 0.4520039937241478,
					"incomeTaxExpense": 790000000,
					"netIncome": 2379000000,
					"netIncomeRatio": 0.33932391955498503,
					"eps": 0.83,
					"epsdiluted": 0.82,
					"weightedAverageShsOut": 2871000000,
					"weightedAverageShsOutDil": 2915000000,
					"link": "https://www.sec.gov/Archives/edgar/data/1326801/000132680116000087/0001326801-16-000087-index.htm",
					"finalLink": "https://www.sec.gov/Archives/edgar/data/1326801/000132680116000087/fb-9302016x10q.htm"
				},
				{
					"date": "2016-12-31",
					"symbol": "META",
					"reportedCurrency": "USD",
					"cik": "0001326801",
					"fillingDate": "2017-02-03",
					"acceptedDate": "2017-02-02 21:13:52",
					"calendarYear": "2016",
					"period": "Q4",
					"revenue": 8809000000,
					"costOfRevenue": 1048000000,
					"grossProfit": 7761000000,
					"grossProfitRatio": 0.8810307639913725,
					"researchAndDevelopmentExpenses": 1574000000,
					"generalAndAdministrativeExpenses": 515000000,
					"sellingAndMarketingExpenses": 1121000000,
					"sellingGeneralAndAdministrativeExpenses": 1636000000,
					"otherExpenses": 0,
					"operatingExpenses": 3210000000,
					"costAndExpenses": 4258000000,
					"interestIncome": 66000000,
					"interestExpense": 56000000,
					"depreciationAndAmortization": 614000000,
					"ebitda": 5187000000,
					"ebitdaratio": 0.5888296060846862,
					"operatingIncome": 4551000000,
					"operatingIncomeRatio": 0.5166307185832671,
					"totalOtherIncomeExpensesNet": -34000000,
					"incomeBeforeTax": 4517000000,
					"incomeBeforeTaxRatio": 0.5127710296287887,
					"incomeTaxExpense": 244000000,
					"netIncome": 4273000000,
					"netIncomeRatio": 0.48507208536723806,
					"eps": 1.24,
					"epsdiluted": 1.21,
					"weightedAverageShsOut": 2882000000,
					"weightedAverageShsOutDil": 2938000000,
					"link": "https://www.sec.gov/Archives/edgar/data/1326801/000132680117000007/0001326801-17-000007-index.htm",
					"finalLink": "https://www.sec.gov/Archives/edgar/data/1326801/000132680117000007/fb-12312016x10k.htm"
				},
				{
					"date": "2017-03-31",
					"symbol": "META",
					"reportedCurrency": "USD",
					"cik": "0001326801",
					"fillingDate": "2017-05-04",
					"acceptedDate": "2017-05-04 16:20:47",
					"calendarYear": "2017",
					"period": "Q1",
					"revenue": 8032000000,
					"costOfRevenue": 1159000000,
					"grossProfit": 6873000000,
					"grossProfitRatio": 0.8557021912350598,
					"researchAndDevelopmentExpenses": 1834000000,
					"generalAndAdministrativeExpenses": 655000000,
					"sellingAndMarketingExpenses": 1057000000,
					"sellingGeneralAndAdministrativeExpenses": 1712000000,
					"otherExpenses": 0,
					"operatingExpenses": 3546000000,
					"costAndExpenses": 4705000000,
					"interestIncome": 67000000,
					"interestExpense": 67000000,
					"depreciationAndAmortization": 671000000,
					"ebitda": 4146000000,
					"ebitdaratio": 0.5161852589641435,
					"operatingIncome": 3327000000,
					"operatingIncomeRatio": 0.41421812749003983,
					"totalOtherIncomeExpensesNet": 81000000,
					"incomeBeforeTax": 3408000000,
					"incomeBeforeTaxRatio": 0.4243027888446215,
					"incomeTaxExpense": 344000000,
					"netIncome": 3064000000,
					"netIncomeRatio": 0.38147410358565736,
					"eps": 1.06,
					"epsdiluted": 1.04,
					"weightedAverageShsOut": 2891000000,
					"weightedAverageShsOutDil": 2944000000,
					"link": "https://www.sec.gov/Archives/edgar/data/1326801/000132680117000024/0001326801-17-000024-index.htm",
					"finalLink": "https://www.sec.gov/Archives/edgar/data/1326801/000132680117000024/fb-03312017x10q.htm"
				},
				{
					"date": "2017-06-30",
					"symbol": "META",
					"reportedCurrency": "USD",
					"cik": "0001326801",
					"fillingDate": "2017-07-27",
					"acceptedDate": "2017-07-27 16:25:55",
					"calendarYear": "2017",
					"period": "Q2",
					"revenue": 9321000000,
					"costOfRevenue": 1237000000,
					"grossProfit": 8084000000,
					"grossProfitRatio": 0.8672889174981225,
					"researchAndDevelopmentExpenses": 1919000000,
					"generalAndAdministrativeExpenses": 640000000,
					"sellingAndMarketingExpenses": 1124000000,
					"sellingGeneralAndAdministrativeExpenses": 1764000000,
					"otherExpenses": 0,
					"operatingExpenses": 3683000000,
					"costAndExpenses": 4920000000,
					"interestIncome": 91000000,
					"interestExpense": 91000000,
					"depreciationAndAmortization": 729000000,
					"ebitda": 5308000000,
					"ebitdaratio": 0.569466795408218,
					"operatingIncome": 4401000000,
					"operatingIncomeRatio": 0.47215963952365625,
					"totalOtherIncomeExpensesNet": 87000000,
					"incomeBeforeTax": 4488000000,
					"incomeBeforeTaxRatio": 0.48149340199549406,
					"incomeTaxExpense": 594000000,
					"netIncome": 3894000000,
					"netIncomeRatio": 0.41776633408432573,
					"eps": 1.34,
					"epsdiluted": 1.32,
					"weightedAverageShsOut": 2900000000,
					"weightedAverageShsOutDil": 2951000000,
					"link": "https://www.sec.gov/Archives/edgar/data/1326801/000132680117000038/0001326801-17-000038-index.htm",
					"finalLink": "https://www.sec.gov/Archives/edgar/data/1326801/000132680117000038/fb-06302017x10q.htm"
				},
				{
					"date": "2017-09-30",
					"symbol": "META",
					"reportedCurrency": "USD",
					"cik": "0001326801",
					"fillingDate": "2017-11-02",
					"acceptedDate": "2017-11-02 16:37:43",
					"calendarYear": "2017",
					"period": "Q3",
					"revenue": 10328000000,
					"costOfRevenue": 1448000000,
					"grossProfit": 8880000000,
					"grossProfitRatio": 0.8597986057319907,
					"researchAndDevelopmentExpenses": 2052000000,
					"generalAndAdministrativeExpenses": 536000000,
					"sellingAndMarketingExpenses": 1170000000,
					"sellingGeneralAndAdministrativeExpenses": 1706000000,
					"otherExpenses": 0,
					"operatingExpenses": 3758000000,
					"costAndExpenses": 5206000000,
					"interestIncome": 108000000,
					"interestExpense": 108000000,
					"depreciationAndAmortization": 772000000,
					"ebitda": 6116000000,
					"ebitdaratio": 0.5921766072811774,
					"operatingIncome": 5122000000,
					"operatingIncomeRatio": 0.49593338497288925,
					"totalOtherIncomeExpensesNet": 114000000,
					"incomeBeforeTax": 5236000000,
					"incomeBeforeTaxRatio": 0.5069713400464756,
					"incomeTaxExpense": 529000000,
					"netIncome": 4707000000,
					"netIncomeRatio": 0.4557513555383424,
					"eps": 1.62,
					"epsdiluted": 1.59,
					"weightedAverageShsOut": 2904000000,
					"weightedAverageShsOutDil": 2956000000,
					"link": "https://www.sec.gov/Archives/edgar/data/1326801/000132680117000053/0001326801-17-000053-index.htm",
					"finalLink": "https://www.sec.gov/Archives/edgar/data/1326801/000132680117000053/fb-09302017x10q.htm"
				},
				{
					"date": "2017-12-31",
					"symbol": "META",
					"reportedCurrency": "USD",
					"cik": "0001326801",
					"fillingDate": "2018-02-01",
					"acceptedDate": "2018-02-01 16:58:26",
					"calendarYear": "2017",
					"period": "Q4",
					"revenue": 12972000000,
					"costOfRevenue": 1611000000,
					"grossProfit": 11361000000,
					"grossProfitRatio": 0.8758094357076781,
					"researchAndDevelopmentExpenses": 1949000000,
					"generalAndAdministrativeExpenses": 686000000,
					"sellingAndMarketingExpenses": 1374000000,
					"sellingGeneralAndAdministrativeExpenses": 2060000000,
					"otherExpenses": 0,
					"operatingExpenses": 4009000000,
					"costAndExpenses": 5620000000,
					"interestIncome": 132000000,
					"interestExpense": 126000000,
					"depreciationAndAmortization": 853000000,
					"ebitda": 8441000000,
					"ebitdaratio": 0.650709219858156,
					"operatingIncome": 7352000000,
					"operatingIncomeRatio": 0.566759173604687,
					"totalOtherIncomeExpensesNet": 110000000,
					"incomeBeforeTax": 7462000000,
					"incomeBeforeTaxRatio": 0.5752389762565526,
					"incomeTaxExpense": 3193000000,
					"netIncome": 4269000000,
					"netIncomeRatio": 0.32909343200740054,
					"eps": 1.47,
					"epsdiluted": 1.44,
					"weightedAverageShsOut": 2907000000,
					"weightedAverageShsOutDil": 2954000000,
					"link": "https://www.sec.gov/Archives/edgar/data/1326801/000132680118000009/0001326801-18-000009-index.htm",
					"finalLink": "https://www.sec.gov/Archives/edgar/data/1326801/000132680118000009/fb-12312017x10k.htm"
				},
				{
					"date": "2018-03-31",
					"symbol": "META",
					"reportedCurrency": "USD",
					"cik": "0001326801",
					"fillingDate": "2018-04-26",
					"acceptedDate": "2018-04-26 17:06:41",
					"calendarYear": "2018",
					"period": "Q1",
					"revenue": 11966000000,
					"costOfRevenue": 1927000000,
					"grossProfit": 10039000000,
					"grossProfitRatio": 0.8389603877653351,
					"researchAndDevelopmentExpenses": 2238000000,
					"generalAndAdministrativeExpenses": 757000000,
					"sellingAndMarketingExpenses": 1595000000,
					"sellingGeneralAndAdministrativeExpenses": 2352000000,
					"otherExpenses": 0,
					"operatingExpenses": 4590000000,
					"costAndExpenses": 6517000000,
					"interestIncome": 145000000,
					"interestExpense": 145000000,
					"depreciationAndAmortization": 949000000,
					"ebitda": 6704000000,
					"ebitdaratio": 0.5602540531505934,
					"operatingIncome": 5449000000,
					"operatingIncomeRatio": 0.45537355841551064,
					"totalOtherIncomeExpensesNet": 161000000,
					"incomeBeforeTax": 5610000000,
					"incomeBeforeTaxRatio": 0.4688283469831188,
					"incomeTaxExpense": 622000000,
					"netIncome": 4988000000,
					"netIncomeRatio": 0.4168477352498746,
					"eps": 1.72,
					"epsdiluted": 1.69,
					"weightedAverageShsOut": 2906000000,
					"weightedAverageShsOutDil": 2945000000,
					"link": "https://www.sec.gov/Archives/edgar/data/1326801/000132680118000032/0001326801-18-000032-index.htm",
					"finalLink": "https://www.sec.gov/Archives/edgar/data/1326801/000132680118000032/fb-03312018x10q.htm"
				},
				{
					"date": "2018-06-30",
					"symbol": "META",
					"reportedCurrency": "USD",
					"cik": "0001326801",
					"fillingDate": "2018-07-26",
					"acceptedDate": "2018-07-26 16:25:03",
					"calendarYear": "2018",
					"period": "Q2",
					"revenue": 13231000000,
					"costOfRevenue": 2214000000,
					"grossProfit": 11017000000,
					"grossProfitRatio": 0.8326657093190235,
					"researchAndDevelopmentExpenses": 2523000000,
					"generalAndAdministrativeExpenses": 776000000,
					"sellingAndMarketingExpenses": 1855000000,
					"sellingGeneralAndAdministrativeExpenses": 2631000000,
					"otherExpenses": 0,
					"operatingExpenses": 5154000000,
					"costAndExpenses": 7368000000,
					"interestIncome": 143000000,
					"interestExpense": 143000000,
					"depreciationAndAmortization": 1034000000,
					"ebitda": 7045000000,
					"ebitdaratio": 0.532461643110876,
					"operatingIncome": 5863000000,
					"operatingIncomeRatio": 0.4431259919885118,
					"totalOtherIncomeExpensesNet": 5000000,
					"incomeBeforeTax": 5868000000,
					"incomeBeforeTaxRatio": 0.4435038923739702,
					"incomeTaxExpense": 762000000,
					"netIncome": 5106000000,
					"netIncomeRatio": 0.3859118736301111,
					"eps": 1.76,
					"epsdiluted": 1.74,
					"weightedAverageShsOut": 2895000000,
					"weightedAverageShsOutDil": 2930000000,
					"link": "https://www.sec.gov/Archives/edgar/data/1326801/000132680118000057/0001326801-18-000057-index.htm",
					"finalLink": "https://www.sec.gov/Archives/edgar/data/1326801/000132680118000057/fb-06302018x10q.htm"
				},
				{
					"date": "2018-09-30",
					"symbol": "META",
					"reportedCurrency": "USD",
					"cik": "0001326801",
					"fillingDate": "2018-10-31",
					"acceptedDate": "2018-10-31 16:13:09",
					"calendarYear": "2018",
					"period": "Q3",
					"revenue": 13727000000,
					"costOfRevenue": 2418000000,
					"grossProfit": 11309000000,
					"grossProfitRatio": 0.8238508049828804,
					"researchAndDevelopmentExpenses": 2657000000,
					"generalAndAdministrativeExpenses": 943000000,
					"sellingAndMarketingExpenses": 1928000000,
					"sellingGeneralAndAdministrativeExpenses": 2871000000,
					"otherExpenses": 0,
					"operatingExpenses": 5528000000,
					"costAndExpenses": 7946000000,
					"interestIncome": 176000000,
					"interestExpense": 176000000,
					"depreciationAndAmortization": 1107000000,
					"ebitda": 7195000000,
					"ebitdaratio": 0.5241494864136373,
					"operatingIncome": 5781000000,
					"operatingIncomeRatio": 0.42114081736723247,
					"totalOtherIncomeExpensesNet": 131000000,
					"incomeBeforeTax": 5912000000,
					"incomeBeforeTaxRatio": 0.43068405332556275,
					"incomeTaxExpense": 775000000,
					"netIncome": 5137000000,
					"netIncomeRatio": 0.3742259779995629,
					"eps": 1.78,
					"epsdiluted": 1.76,
					"weightedAverageShsOut": 2885000000,
					"weightedAverageShsOutDil": 2913000000,
					"link": "https://www.sec.gov/Archives/edgar/data/1326801/000132680118000067/0001326801-18-000067-index.htm",
					"finalLink": "https://www.sec.gov/Archives/edgar/data/1326801/000132680118000067/fb-09302018x10q.htm"
				},
				{
					"date": "2018-12-31",
					"symbol": "META",
					"reportedCurrency": "USD",
					"cik": "0001326801",
					"fillingDate": "2019-01-31",
					"acceptedDate": "2019-01-31 16:58:29",
					"calendarYear": "2018",
					"period": "Q4",
					"revenue": 16914000000,
					"costOfRevenue": 2796000000,
					"grossProfit": 14118000000,
					"grossProfitRatio": 0.8346931536005676,
					"researchAndDevelopmentExpenses": 2855000000,
					"generalAndAdministrativeExpenses": 976000000,
					"sellingAndMarketingExpenses": 2467000000,
					"sellingGeneralAndAdministrativeExpenses": 3443000000,
					"otherExpenses": 0,
					"operatingExpenses": 6298000000,
					"costAndExpenses": 9094000000,
					"interestIncome": 196000000,
					"interestExpense": 187000000,
					"depreciationAndAmortization": 1225000000,
					"ebitda": 9383000000,
					"ebitdaratio": 0.5547475464112569,
					"operatingIncome": 7820000000,
					"operatingIncomeRatio": 0.4623388908596429,
					"totalOtherIncomeExpensesNet": 151000000,
					"incomeBeforeTax": 7971000000,
					"incomeBeforeTaxRatio": 0.4712664065271373,
					"incomeTaxExpense": 1089000000,
					"netIncome": 6882000000,
					"netIncomeRatio": 0.40688187300461154,
					"eps": 2.4,
					"epsdiluted": 2.38,
					"weightedAverageShsOut": 2872000000,
					"weightedAverageShsOutDil": 2886000000,
					"link": "https://www.sec.gov/Archives/edgar/data/1326801/000132680119000009/0001326801-19-000009-index.htm",
					"finalLink": "https://www.sec.gov/Archives/edgar/data/1326801/000132680119000009/fb-12312018x10k.htm"
				},
				{
					"date": "2019-03-31",
					"symbol": "META",
					"reportedCurrency": "USD",
					"cik": "0001326801",
					"fillingDate": "2019-04-25",
					"acceptedDate": "2019-04-24 21:06:00",
					"calendarYear": "2019",
					"period": "Q1",
					"revenue": 15077000000,
					"costOfRevenue": 2816000000,
					"grossProfit": 12261000000,
					"grossProfitRatio": 0.813225442727333,
					"researchAndDevelopmentExpenses": 2860000000,
					"generalAndAdministrativeExpenses": 4064000000,
					"sellingAndMarketingExpenses": 2020000000,
					"sellingGeneralAndAdministrativeExpenses": 6084000000,
					"otherExpenses": 0,
					"operatingExpenses": 8944000000,
					"costAndExpenses": 11760000000,
					"interestIncome": 198000000,
					"interestExpense": 198000000,
					"depreciationAndAmortization": 1355000000,
					"ebitda": 5035000000,
					"ebitdaratio": 0.33395237779399084,
					"operatingIncome": 3317000000,
					"operatingIncomeRatio": 0.2200039795715328,
					"totalOtherIncomeExpensesNet": 165000000,
					"incomeBeforeTax": 3482000000,
					"incomeBeforeTaxRatio": 0.23094780128672812,
					"incomeTaxExpense": 1053000000,
					"netIncome": 2429000000,
					"netIncomeRatio": 0.16110632088611793,
					"eps": 0.85,
					"epsdiluted": 0.85,
					"weightedAverageShsOut": 2856000000,
					"weightedAverageShsOutDil": 2869000000,
					"link": "https://www.sec.gov/Archives/edgar/data/1326801/000132680119000037/0001326801-19-000037-index.htm",
					"finalLink": "https://www.sec.gov/Archives/edgar/data/1326801/000132680119000037/fb-03312019x10q.htm"
				},
				{
					"date": "2019-06-30",
					"symbol": "META",
					"reportedCurrency": "USD",
					"cik": "0001326801",
					"fillingDate": "2019-07-25",
					"acceptedDate": "2019-07-24 21:12:30",
					"calendarYear": "2019",
					"period": "Q2",
					"revenue": 16886000000,
					"costOfRevenue": 3307000000,
					"grossProfit": 13579000000,
					"grossProfitRatio": 0.8041572900627739,
					"researchAndDevelopmentExpenses": 3315000000,
					"generalAndAdministrativeExpenses": 3224000000,
					"sellingAndMarketingExpenses": 2414000000,
					"sellingGeneralAndAdministrativeExpenses": 5638000000,
					"otherExpenses": 0,
					"operatingExpenses": 8953000000,
					"costAndExpenses": 12260000000,
					"interestIncome": 219000000,
					"interestExpense": 219000000,
					"depreciationAndAmortization": 1502000000,
					"ebitda": 6553000000,
					"ebitdaratio": 0.3880729598483951,
					"operatingIncome": 4626000000,
					"operatingIncomeRatio": 0.27395475541869,
					"totalOtherIncomeExpensesNet": 206000000,
					"incomeBeforeTax": 4832000000,
					"incomeBeforeTaxRatio": 0.2861542105886533,
					"incomeTaxExpense": 2216000000,
					"netIncome": 2616000000,
					"netIncomeRatio": 0.15492123652730072,
					"eps": 0.92,
					"epsdiluted": 0.91,
					"weightedAverageShsOut": 2855000000,
					"weightedAverageShsOutDil": 2875000000,
					"link": "https://www.sec.gov/Archives/edgar/data/1326801/000132680119000055/0001326801-19-000055-index.htm",
					"finalLink": "https://www.sec.gov/Archives/edgar/data/1326801/000132680119000055/fb-06302019x10q.htm"
				},
				{
					"date": "2019-09-30",
					"symbol": "META",
					"reportedCurrency": "USD",
					"cik": "0001326801",
					"fillingDate": "2019-10-31",
					"acceptedDate": "2019-10-30 21:00:31",
					"calendarYear": "2019",
					"period": "Q3",
					"revenue": 17652000000,
					"costOfRevenue": 3155000000,
					"grossProfit": 14497000000,
					"grossProfitRatio": 0.8212667119873103,
					"researchAndDevelopmentExpenses": 3548000000,
					"generalAndAdministrativeExpenses": 1348000000,
					"sellingAndMarketingExpenses": 2416000000,
					"sellingGeneralAndAdministrativeExpenses": 3764000000,
					"otherExpenses": 0,
					"operatingExpenses": 7312000000,
					"costAndExpenses": 10467000000,
					"interestIncome": 258000000,
					"interestExpense": 258000000,
					"depreciationAndAmortization": 1416000000,
					"ebitda": 9003000000,
					"ebitdaratio": 0.5100271923861319,
					"operatingIncome": 7185000000,
					"operatingIncomeRatio": 0.40703602991162474,
					"totalOtherIncomeExpensesNet": 144000000,
					"incomeBeforeTax": 7329000000,
					"incomeBeforeTaxRatio": 0.41519374575118967,
					"incomeTaxExpense": 1238000000,
					"netIncome": 6091000000,
					"netIncomeRatio": 0.3450600498527079,
					"eps": 2.13,
					"epsdiluted": 2.12,
					"weightedAverageShsOut": 2854000000,
					"weightedAverageShsOutDil": 2874000000,
					"link": "https://www.sec.gov/Archives/edgar/data/1326801/000132680119000069/0001326801-19-000069-index.htm",
					"finalLink": "https://www.sec.gov/Archives/edgar/data/1326801/000132680119000069/fb-09302019x10q.htm"
				},
				{
					"date": "2019-12-31",
					"symbol": "META",
					"reportedCurrency": "USD",
					"cik": "0001326801",
					"fillingDate": "2020-01-30",
					"acceptedDate": "2020-01-29 21:12:14",
					"calendarYear": "2019",
					"period": "Q4",
					"revenue": 21082000000,
					"costOfRevenue": 3491000000,
					"grossProfit": 17591000000,
					"grossProfitRatio": 0.8344085001423015,
					"researchAndDevelopmentExpenses": 3878000000,
					"generalAndAdministrativeExpenses": 1829000000,
					"sellingAndMarketingExpenses": 3026000000,
					"sellingGeneralAndAdministrativeExpenses": 4855000000,
					"otherExpenses": 0,
					"operatingExpenses": 8733000000,
					"costAndExpenses": 12224000000,
					"interestIncome": 249000000,
					"interestExpense": 229000000,
					"depreciationAndAmortization": 1468000000,
					"ebitda": 10866000000,
					"ebitdaratio": 0.5154159946874111,
					"operatingIncome": 8858000000,
					"operatingIncomeRatio": 0.4201688644341144,
					"totalOtherIncomeExpensesNet": 311000000,
					"incomeBeforeTax": 9169000000,
					"incomeBeforeTaxRatio": 0.4349207855042216,
					"incomeTaxExpense": 1820000000,
					"netIncome": 7349000000,
					"netIncomeRatio": 0.34859121525471964,
					"eps": 2.58,
					"epsdiluted": 2.56,
					"weightedAverageShsOut": 2853000000,
					"weightedAverageShsOutDil": 2871000000,
					"link": "https://www.sec.gov/Archives/edgar/data/1326801/000132680120000013/0001326801-20-000013-index.htm",
					"finalLink": "https://www.sec.gov/Archives/edgar/data/1326801/000132680120000013/fb-12312019x10k.htm"
				},
				{
					"date": "2020-03-31",
					"symbol": "META",
					"reportedCurrency": "USD",
					"cik": "0001326801",
					"fillingDate": "2020-04-30",
					"acceptedDate": "2020-04-30 06:14:44",
					"calendarYear": "2020",
					"period": "Q1",
					"revenue": 17737000000,
					"costOfRevenue": 3459000000,
					"grossProfit": 14278000000,
					"grossProfitRatio": 0.8049839318937814,
					"researchAndDevelopmentExpenses": 4015000000,
					"generalAndAdministrativeExpenses": 1583000000,
					"sellingAndMarketingExpenses": 2787000000,
					"sellingGeneralAndAdministrativeExpenses": 4370000000,
					"otherExpenses": 0,
					"operatingExpenses": 8385000000,
					"costAndExpenses": 11844000000,
					"interestIncome": 228000000,
					"interestExpense": 228000000,
					"depreciationAndAmortization": 1597000000,
					"ebitda": 7686000000,
					"ebitdaratio": 0.4333314540226645,
					"operatingIncome": 5893000000,
					"operatingIncomeRatio": 0.3322433331454023,
					"totalOtherIncomeExpensesNet": -32000000,
					"incomeBeforeTax": 5861000000,
					"incomeBeforeTaxRatio": 0.3304391949033095,
					"incomeTaxExpense": 959000000,
					"netIncome": 4902000000,
					"netIncomeRatio": 0.27637142696059086,
					"eps": 1.72,
					"epsdiluted": 1.71,
					"weightedAverageShsOut": 2851000000,
					"weightedAverageShsOutDil": 2868000000,
					"link": "https://www.sec.gov/Archives/edgar/data/1326801/000132680120000048/0001326801-20-000048-index.htm",
					"finalLink": "https://www.sec.gov/Archives/edgar/data/1326801/000132680120000048/fb-03312020x10q.htm"
				},
				{
					"date": "2020-06-30",
					"symbol": "META",
					"reportedCurrency": "USD",
					"cik": "0001326801",
					"fillingDate": "2020-07-31",
					"acceptedDate": "2020-07-31 16:17:44",
					"calendarYear": "2020",
					"period": "Q2",
					"revenue": 18687000000,
					"costOfRevenue": 3829000000,
					"grossProfit": 14858000000,
					"grossProfitRatio": 0.7950981966072671,
					"researchAndDevelopmentExpenses": 4462000000,
					"generalAndAdministrativeExpenses": 1593000000,
					"sellingAndMarketingExpenses": 2840000000,
					"sellingGeneralAndAdministrativeExpenses": 4433000000,
					"otherExpenses": 0,
					"operatingExpenses": 8895000000,
					"costAndExpenses": 12724000000,
					"interestIncome": 162000000,
					"interestExpense": 162000000,
					"depreciationAndAmortization": 1704000000,
					"ebitda": 7997000000,
					"ebitdaratio": 0.4279445603895756,
					"operatingIncome": 5963000000,
					"operatingIncomeRatio": 0.3190988387649168,
					"totalOtherIncomeExpensesNet": 168000000,
					"incomeBeforeTax": 6131000000,
					"incomeBeforeTaxRatio": 0.3280890458607588,
					"incomeTaxExpense": 953000000,
					"netIncome": 5178000000,
					"netIncomeRatio": 0.2770910258468454,
					"eps": 1.82,
					"epsdiluted": 1.8,
					"weightedAverageShsOut": 2850000000,
					"weightedAverageShsOutDil": 2879000000,
					"link": "https://www.sec.gov/Archives/edgar/data/1326801/000132680120000076/0001326801-20-000076-index.htm",
					"finalLink": "https://www.sec.gov/Archives/edgar/data/1326801/000132680120000076/fb-06302020x10q.htm"
				},
				{
					"date": "2020-09-30",
					"symbol": "META",
					"reportedCurrency": "USD",
					"cik": "0001326801",
					"fillingDate": "2020-10-30",
					"acceptedDate": "2020-10-29 21:29:56",
					"calendarYear": "2020",
					"period": "Q3",
					"revenue": 21470000000,
					"costOfRevenue": 4194000000,
					"grossProfit": 17276000000,
					"grossProfitRatio": 0.8046576618537494,
					"researchAndDevelopmentExpenses": 4763000000,
					"generalAndAdministrativeExpenses": 1790000000,
					"sellingAndMarketingExpenses": 2683000000,
					"sellingGeneralAndAdministrativeExpenses": 4473000000,
					"otherExpenses": 0,
					"operatingExpenses": 9236000000,
					"costAndExpenses": 13430000000,
					"interestIncome": 146000000,
					"interestExpense": 146000000,
					"depreciationAndAmortization": 1698000000,
					"ebitda": 9977000000,
					"ebitdaratio": 0.4646949231485794,
					"operatingIncome": 8040000000,
					"operatingIncomeRatio": 0.37447601304145317,
					"totalOtherIncomeExpensesNet": 93000000,
					"incomeBeforeTax": 8133000000,
					"incomeBeforeTaxRatio": 0.37880763856544014,
					"incomeTaxExpense": 287000000,
					"netIncome": 7846000000,
					"netIncomeRatio": 0.3654401490451793,
					"eps": 2.75,
					"epsdiluted": 2.71,
					"weightedAverageShsOut": 2850000000,
					"weightedAverageShsOutDil": 2891000000,
					"link": "https://www.sec.gov/Archives/edgar/data/1326801/000132680120000084/0001326801-20-000084-index.htm",
					"finalLink": "https://www.sec.gov/Archives/edgar/data/1326801/000132680120000084/fb-09302020x10q.htm"
				},
				{
					"date": "2020-12-31",
					"symbol": "META",
					"reportedCurrency": "USD",
					"cik": "0001326801",
					"fillingDate": "2021-01-28",
					"acceptedDate": "2021-01-27 21:13:48",
					"calendarYear": "2020",
					"period": "Q4",
					"revenue": 28072000000,
					"costOfRevenue": 5210000000,
					"grossProfit": 22862000000,
					"grossProfitRatio": 0.8144058136221146,
					"researchAndDevelopmentExpenses": 5207000000,
					"generalAndAdministrativeExpenses": 1599000000,
					"sellingAndMarketingExpenses": 3281000000,
					"sellingGeneralAndAdministrativeExpenses": 4880000000,
					"otherExpenses": 0,
					"operatingExpenses": 10087000000,
					"costAndExpenses": 15297000000,
					"interestIncome": 136000000,
					"interestExpense": 136000000,
					"depreciationAndAmortization": 1863000000,
					"ebitda": 15054000000,
					"ebitdaratio": 0.536263892846965,
					"operatingIncome": 12775000000,
					"operatingIncomeRatio": 0.45507979481333716,
					"totalOtherIncomeExpensesNet": 280000000,
					"incomeBeforeTax": 13055000000,
					"incomeBeforeTaxRatio": 0.46505414648047877,
					"incomeTaxExpense": 1836000000,
					"netIncome": 11219000000,
					"netIncomeRatio": 0.39965089769165,
					"eps": 3.94,
					"epsdiluted": 3.88,
					"weightedAverageShsOut": 2850000000,
					"weightedAverageShsOutDil": 2890000000,
					"link": "https://www.sec.gov/Archives/edgar/data/1326801/000132680121000014/0001326801-21-000014-index.htm",
					"finalLink": "https://www.sec.gov/Archives/edgar/data/1326801/000132680121000014/fb-20201231.htm"
				},
				{
					"date": "2021-03-31",
					"symbol": "META",
					"reportedCurrency": "USD",
					"cik": "0001326801",
					"fillingDate": "2021-04-29",
					"acceptedDate": "2021-04-28 20:12:05",
					"calendarYear": "2021",
					"period": "Q1",
					"revenue": 26171000000,
					"costOfRevenue": 5131000000,
					"grossProfit": 21040000000,
					"grossProfitRatio": 0.8039432960146727,
					"researchAndDevelopmentExpenses": 5197000000,
					"generalAndAdministrativeExpenses": 1622000000,
					"sellingAndMarketingExpenses": 2843000000,
					"sellingGeneralAndAdministrativeExpenses": 4465000000,
					"otherExpenses": 0,
					"operatingExpenses": 9662000000,
					"costAndExpenses": 14793000000,
					"interestIncome": 118000000,
					"interestExpense": 118000000,
					"depreciationAndAmortization": 1972000000,
					"ebitda": 13593000000,
					"ebitdaratio": 0.519391693095411,
					"operatingIncome": 11378000000,
					"operatingIncomeRatio": 0.43475602766420846,
					"totalOtherIncomeExpensesNet": 125000000,
					"incomeBeforeTax": 11503000000,
					"incomeBeforeTaxRatio": 0.4395323067517481,
					"incomeTaxExpense": 2006000000,
					"netIncome": 9497000000,
					"netIncomeRatio": 0.3628825799549119,
					"eps": 3.34,
					"epsdiluted": 3.3,
					"weightedAverageShsOut": 2847000000,
					"weightedAverageShsOutDil": 2882000000,
					"link": "https://www.sec.gov/Archives/edgar/data/1326801/000132680121000033/0001326801-21-000033-index.htm",
					"finalLink": "https://www.sec.gov/Archives/edgar/data/1326801/000132680121000033/fb-20210331.htm"
				},
				{
					"date": "2021-06-30",
					"symbol": "META",
					"reportedCurrency": "USD",
					"cik": "0001326801",
					"fillingDate": "2021-07-29",
					"acceptedDate": "2021-07-28 20:13:08",
					"calendarYear": "2021",
					"period": "Q2",
					"revenue": 29077000000,
					"costOfRevenue": 5399000000,
					"grossProfit": 23678000000,
					"grossProfitRatio": 0.8143205970354576,
					"researchAndDevelopmentExpenses": 6096000000,
					"generalAndAdministrativeExpenses": 1956000000,
					"sellingAndMarketingExpenses": 3259000000,
					"sellingGeneralAndAdministrativeExpenses": 5215000000,
					"otherExpenses": 0,
					"operatingExpenses": 11311000000,
					"costAndExpenses": 16710000000,
					"interestIncome": 121000000,
					"interestExpense": 121000000,
					"depreciationAndAmortization": 1986000000,
					"ebitda": 14620000000,
					"ebitdaratio": 0.5028029026378237,
					"operatingIncome": 12367000000,
					"operatingIncomeRatio": 0.42531898063761736,
					"totalOtherIncomeExpensesNet": 146000000,
					"incomeBeforeTax": 12513000000,
					"incomeBeforeTaxRatio": 0.4303401313753138,
					"incomeTaxExpense": 2119000000,
					"netIncome": 10394000000,
					"netIncomeRatio": 0.35746466279189737,
					"eps": 3.67,
					"epsdiluted": 3.61,
					"weightedAverageShsOut": 2834000000,
					"weightedAverageShsOutDil": 2877000000,
					"link": "https://www.sec.gov/Archives/edgar/data/1326801/000132680121000049/0001326801-21-000049-index.htm",
					"finalLink": "https://www.sec.gov/Archives/edgar/data/1326801/000132680121000049/fb-20210630.htm"
				},
				{
					"date": "2021-09-30",
					"symbol": "META",
					"reportedCurrency": "USD",
					"cik": "0001326801",
					"fillingDate": "2021-10-26",
					"acceptedDate": "2021-10-25 20:44:20",
					"calendarYear": "2021",
					"period": "Q3",
					"revenue": 29010000000,
					"costOfRevenue": 5771000000,
					"grossProfit": 23239000000,
					"grossProfitRatio": 0.801068597035505,
					"researchAndDevelopmentExpenses": 6316000000,
					"generalAndAdministrativeExpenses": 2946000000,
					"sellingAndMarketingExpenses": 3554000000,
					"sellingGeneralAndAdministrativeExpenses": 6500000000,
					"otherExpenses": 0,
					"operatingExpenses": 12816000000,
					"costAndExpenses": 18587000000,
					"interestIncome": 120000000,
					"interestExpense": 120000000,
					"depreciationAndAmortization": 1995000000,
					"ebitda": 12680000000,
					"ebitdaratio": 0.43709065839365735,
					"operatingIncome": 10423000000,
					"operatingIncomeRatio": 0.35928990003447087,
					"totalOtherIncomeExpensesNet": 142000000,
					"incomeBeforeTax": 10565000000,
					"incomeBeforeTaxRatio": 0.36418476387452603,
					"incomeTaxExpense": 1371000000,
					"netIncome": 9194000000,
					"netIncomeRatio": 0.31692519820751464,
					"eps": 3.27,
					"epsdiluted": 3.22,
					"weightedAverageShsOut": 2814000000,
					"weightedAverageShsOutDil": 2859000000,
					"link": "https://www.sec.gov/Archives/edgar/data/1326801/000132680121000065/0001326801-21-000065-index.htm",
					"finalLink": "https://www.sec.gov/Archives/edgar/data/1326801/000132680121000065/fb-20210930.htm"
				},
				{
					"date": "2021-12-31",
					"symbol": "META",
					"reportedCurrency": "USD",
					"cik": "0001326801",
					"fillingDate": "2022-02-03",
					"acceptedDate": "2022-02-02 21:11:04",
					"calendarYear": "2021",
					"period": "Q4",
					"revenue": 33671000000,
					"costOfRevenue": 6348000000,
					"grossProfit": 27323000000,
					"grossProfitRatio": 0.8114698108164295,
					"researchAndDevelopmentExpenses": 7046000000,
					"generalAndAdministrativeExpenses": 3305000000,
					"sellingAndMarketingExpenses": 4387000000,
					"sellingGeneralAndAdministrativeExpenses": 7692000000,
					"otherExpenses": 0,
					"operatingExpenses": 14738000000,
					"costAndExpenses": 21086000000,
					"interestIncome": 102000000,
					"interestExpense": 102000000,
					"depreciationAndAmortization": 2014000000,
					"ebitda": 14819000000,
					"ebitdaratio": 0.4401116687951056,
					"operatingIncome": 12585000000,
					"operatingIncomeRatio": 0.37376377297971547,
					"totalOtherIncomeExpensesNet": 118000000,
					"incomeBeforeTax": 12703000000,
					"incomeBeforeTaxRatio": 0.3772682724005821,
					"incomeTaxExpense": 2418000000,
					"netIncome": 10285000000,
					"netIncomeRatio": 0.30545573342045085,
					"eps": 3.72,
					"epsdiluted": 3.67,
					"weightedAverageShsOut": 2765000000,
					"weightedAverageShsOutDil": 2799000000,
					"link": "https://www.sec.gov/Archives/edgar/data/1326801/000132680122000018/0001326801-22-000018-index.htm",
					"finalLink": "https://www.sec.gov/Archives/edgar/data/1326801/000132680122000018/fb-20211231.htm"
				},
				{
					"date": "2022-03-31",
					"symbol": "META",
					"reportedCurrency": "USD",
					"cik": "0001326801",
					"fillingDate": "2022-04-28",
					"acceptedDate": "2022-04-27 20:42:59",
					"calendarYear": "2022",
					"period": "Q1",
					"revenue": 27908000000,
					"costOfRevenue": 6005000000,
					"grossProfit": 21903000000,
					"grossProfitRatio": 0.7848287229468253,
					"researchAndDevelopmentExpenses": 7707000000,
					"generalAndAdministrativeExpenses": 2360000000,
					"sellingAndMarketingExpenses": 3312000000,
					"sellingGeneralAndAdministrativeExpenses": 5672000000,
					"otherExpenses": 0,
					"operatingExpenses": 13379000000,
					"costAndExpenses": 19384000000,
					"interestIncome": 76000000,
					"interestExpense": 76000000,
					"depreciationAndAmortization": 2156000000,
					"ebitda": 11140000000,
					"ebitdaratio": 0.39916869714777126,
					"operatingIncome": 8524000000,
					"operatingIncomeRatio": 0.30543213415508097,
					"totalOtherIncomeExpensesNet": 384000000,
					"incomeBeforeTax": 8908000000,
					"incomeBeforeTaxRatio": 0.3191916296402465,
					"incomeTaxExpense": 1443000000,
					"netIncome": 7465000000,
					"netIncomeRatio": 0.26748602551239786,
					"eps": 2.74,
					"epsdiluted": 2.72,
					"weightedAverageShsOut": 2725000000,
					"weightedAverageShsOutDil": 2742000000,
					"link": "https://www.sec.gov/Archives/edgar/data/1326801/000132680122000057/0001326801-22-000057-index.htm",
					"finalLink": "https://www.sec.gov/Archives/edgar/data/1326801/000132680122000057/meta-20220331.htm"
				},
				{
					"date": "2022-06-30",
					"symbol": "META",
					"reportedCurrency": "USD",
					"cik": "0001326801",
					"fillingDate": "2022-07-28",
					"acceptedDate": "2022-07-27 20:44:34",
					"calendarYear": "2022",
					"period": "Q2",
					"revenue": 28822000000,
					"costOfRevenue": 5192000000,
					"grossProfit": 23630000000,
					"grossProfitRatio": 0.8198598292970647,
					"researchAndDevelopmentExpenses": 8690000000,
					"generalAndAdministrativeExpenses": 2987000000,
					"sellingAndMarketingExpenses": 3595000000,
					"sellingGeneralAndAdministrativeExpenses": 6582000000,
					"otherExpenses": 0,
					"operatingExpenses": 15272000000,
					"costAndExpenses": 20464000000,
					"interestIncome": 91000000,
					"interestExpense": 91000000,
					"depreciationAndAmortization": 1979000000,
					"ebitda": 10256000000,
					"ebitdaratio": 0.35583928943168414,
					"operatingIncome": 8358000000,
					"operatingIncomeRatio": 0.2899868156269516,
					"totalOtherIncomeExpensesNet": -172000000,
					"incomeBeforeTax": 8186000000,
					"incomeBeforeTaxRatio": 0.2840191520366387,
					"incomeTaxExpense": 1499000000,
					"netIncome": 6687000000,
					"netIncomeRatio": 0.2320102699326903,
					"eps": 2.47,
					"epsdiluted": 2.46,
					"weightedAverageShsOut": 2704000000,
					"weightedAverageShsOutDil": 2713000000,
					"link": "https://www.sec.gov/Archives/edgar/data/1326801/000132680122000082/0001326801-22-000082-index.htm",
					"finalLink": "https://www.sec.gov/Archives/edgar/data/1326801/000132680122000082/meta-20220630.htm"
				},
				{
					"date": "2022-09-30",
					"symbol": "META",
					"reportedCurrency": "USD",
					"cik": "0001326801",
					"fillingDate": "2022-10-27",
					"acceptedDate": "2022-10-26 20:26:36",
					"calendarYear": "2022",
					"period": "Q3",
					"revenue": 27714000000,
					"costOfRevenue": 5716000000,
					"grossProfit": 21998000000,
					"grossProfitRatio": 0.7937504510355777,
					"researchAndDevelopmentExpenses": 9170000000,
					"generalAndAdministrativeExpenses": 3384000000,
					"sellingAndMarketingExpenses": 3780000000,
					"sellingGeneralAndAdministrativeExpenses": 7164000000,
					"otherExpenses": 0,
					"operatingExpenses": 16334000000,
					"costAndExpenses": 22050000000,
					"interestIncome": 0,
					"interestExpense": 77000000,
					"depreciationAndAmortization": 2175000000,
					"ebitda": 7828000000,
					"ebitdaratio": 0.28245652017031103,
					"operatingIncome": 5664000000,
					"operatingIncomeRatio": 0.204373240961247,
					"totalOtherIncomeExpensesNet": -88000000,
					"incomeBeforeTax": 5576000000,
					"incomeBeforeTaxRatio": 0.201197950494335,
					"incomeTaxExpense": 1181000000,
					"netIncome": 4395000000,
					"netIncomeRatio": 0.15858410911452694,
					"eps": 1.64,
					"epsdiluted": 1.64,
					"weightedAverageShsOut": 2682000000,
					"weightedAverageShsOutDil": 2687000000,
					"link": "https://www.sec.gov/Archives/edgar/data/1326801/000132680122000108/0001326801-22-000108-index.htm",
					"finalLink": "https://www.sec.gov/Archives/edgar/data/1326801/000132680122000108/meta-20220930.htm"
				},
				{
					"date": "2022-12-31",
					"symbol": "META",
					"reportedCurrency": "USD",
					"cik": "0001326801",
					"fillingDate": "2023-02-02",
					"acceptedDate": "2023-02-01 20:26:31",
					"calendarYear": "2022",
					"period": "Q4",
					"revenue": 32165000000,
					"costOfRevenue": 8336000000,
					"grossProfit": 23829000000,
					"grossProfitRatio": 0.7408363127623193,
					"researchAndDevelopmentExpenses": 9771000000,
					"generalAndAdministrativeExpenses": 3085000000,
					"sellingAndMarketingExpenses": 4574000000,
					"sellingGeneralAndAdministrativeExpenses": 7659000000,
					"otherExpenses": 0,
					"operatingExpenses": 17430000000,
					"costAndExpenses": 25766000000,
					"interestIncome": 0,
					"interestExpense": 250000000,
					"depreciationAndAmortization": 2376000000,
					"ebitda": 8775000000,
					"ebitdaratio": 0.2728120628011814,
					"operatingIncome": 6399000000,
					"operatingIncomeRatio": 0.19894295041193844,
					"totalOtherIncomeExpensesNet": -250000000,
					"incomeBeforeTax": 6149000000,
					"incomeBeforeTaxRatio": 0.19117052697030934,
					"incomeTaxExpense": 1497000000,
					"netIncome": 4652000000,
					"netIncomeRatio": 0.1446292554018343,
					"eps": 1.76,
					"epsdiluted": 1.76,
					"weightedAverageShsOut": 2638000000,
					"weightedAverageShsOutDil": 2640000000,
					"link": "https://www.sec.gov/Archives/edgar/data/1326801/000132680123000013/0001326801-23-000013-index.htm",
					"finalLink": "https://www.sec.gov/Archives/edgar/data/1326801/000132680123000013/meta-20221231.htm"
				}
			],
			"trailing": [
				{
					"revenue": 3711000000,
					"costOfRevenue": 860000000,
					"grossProfit": 2851000000,
					"grossProfitRatio": 0.7677846741501683,
					"researchAndDevelopmentExpenses": 388000000,
					"sellingGeneralAndAdministrativeExpenses": 707000000,
					"otherExpenses": 0,
					"operatingIncome": 1756000000,
					"operatingIncomeRatio": 0.47578335381312253,
					"totalOtherIncomeExpensesNet": -61000000,
					"incomeBeforeTax": 1695000000,
					"incomeBeforeTaxRatio": 0.4616075687392548,
					"incomeTaxExpense": 693000000,
					"netIncome": 1002000000,
					"netIncomeRatio": 0.272965925824433,
					"weightedAverageShsOut": 2126000000,
					"eps": 0.357309,
					"weightedAverageShsOutDil": 2361000000,
					"epsdiluted": 0.325679,
					"interestIncome": 0,
					"interestExpense": 42000000,
					"ebit": 0,
					"ebitPercentage": 0,
					"depreciationAndAmortization": 323000000,
					"ebitda": 2060000000,
					"ebitdaPercentage": 0,
					"date": "2011-12-31"
				},
				{
					"revenue": 4038000000,
					"costOfRevenue": 970000000,
					"grossProfit": 3068000000,
					"grossProfitRatio": 0.7594445310414455,
					"researchAndDevelopmentExpenses": 484000000,
					"sellingGeneralAndAdministrativeExpenses": 835000000,
					"otherExpenses": 0,
					"operatingIncome": 1749000000,
					"operatingIncomeRatio": 0.43311677076015376,
					"totalOtherIncomeExpensesNet": -70000000,
					"incomeBeforeTax": 1679000000,
					"incomeBeforeTaxRatio": 0.4157573079420973,
					"incomeTaxExpense": 705000000,
					"netIncome": 974000000,
					"netIncomeRatio": 0.24172101699353354,
					"weightedAverageShsOut": 2126000000,
					"eps": 0.385343,
					"weightedAverageShsOutDil": 2361000000,
					"epsdiluted": 0.350876,
					"interestIncome": 0,
					"interestExpense": 48000000,
					"ebit": 0,
					"ebitPercentage": 0,
					"depreciationAndAmortization": 382000000,
					"ebitda": 2109000000,
					"ebitdaPercentage": 0,
					"date": "2012-03-31"
				},
				{
					"revenue": 4327000000,
					"costOfRevenue": 1127000000,
					"grossProfit": 3200000000,
					"grossProfitRatio": 0.7406121948644864,
					"researchAndDevelopmentExpenses": 1090000000,
					"sellingGeneralAndAdministrativeExpenses": 1511000000,
					"otherExpenses": 0,
					"operatingIncome": 599000000,
					"operatingIncomeRatio": 0.16254617397621893,
					"totalOtherIncomeExpensesNet": -84000000,
					"incomeBeforeTax": 515000000,
					"incomeBeforeTaxRatio": 0.14277607775940065,
					"incomeTaxExpense": -62000000,
					"netIncome": 577000000,
					"netIncomeRatio": 0.1415315730104443,
					"weightedAverageShsOut": 2064250000,
					"eps": 0.23055500000000004,
					"weightedAverageShsOutDil": 2240500000,
					"epsdiluted": 0.20353200000000002,
					"interestIncome": 0,
					"interestExpense": 49000000,
					"ebit": 0,
					"ebitPercentage": 0,
					"depreciationAndAmortization": 449000000,
					"ebitda": 1013000000,
					"ebitdaPercentage": 0,
					"date": "2012-06-30"
				},
				{
					"revenue": 4635000000,
					"costOfRevenue": 1213000000,
					"grossProfit": 3422000000,
					"grossProfitRatio": 0.7386694199273629,
					"researchAndDevelopmentExpenses": 1226000000,
					"sellingGeneralAndAdministrativeExpenses": 1634000000,
					"otherExpenses": 0,
					"operatingIncome": 562000000,
					"operatingIncomeRatio": 0.12873865072770652,
					"totalOtherIncomeExpensesNet": -54000000,
					"incomeBeforeTax": 508000000,
					"incomeBeforeTaxRatio": 0.11714997098402498,
					"incomeTaxExpense": 217000000,
					"netIncome": 291000000,
					"netIncomeRatio": 0.07035740269744074,
					"weightedAverageShsOut": 2137750000,
					"eps": 0.14,
					"weightedAverageShsOutDil": 2255250000,
					"epsdiluted": 0.12,
					"interestIncome": 0,
					"interestExpense": 50000000,
					"ebit": 0,
					"ebitPercentage": 0,
					"depreciationAndAmortization": 528000000,
					"ebitda": 1086000000,
					"ebitdaPercentage": 0,
					"date": "2012-09-30"
				},
				{
					"revenue": 5089000000,
					"costOfRevenue": 1363000000,
					"grossProfit": 3726000000,
					"grossProfitRatio": 0.7306488245468197,
					"researchAndDevelopmentExpenses": 1399000000,
					"sellingGeneralAndAdministrativeExpenses": 1789000000,
					"otherExpenses": 0,
					"operatingIncome": 538000000,
					"operatingIncomeRatio": 0.09032006579546992,
					"totalOtherIncomeExpensesNet": -44000000,
					"incomeBeforeTax": 494000000,
					"incomeBeforeTaxRatio": 0.08208148241831029,
					"incomeTaxExpense": 441000000,
					"netIncome": 53000000,
					"netIncomeRatio": 0.013696955924952202,
					"weightedAverageShsOut": 2198250000,
					"eps": 0.03,
					"weightedAverageShsOutDil": 2291500000,
					"epsdiluted": 0.01999999999999999,
					"interestIncome": 0,
					"interestExpense": 50000000,
					"ebit": 0,
					"ebitPercentage": 0,
					"depreciationAndAmortization": 649000000,
					"ebitda": 1193000000,
					"ebitdaPercentage": 0,
					"date": "2012-12-31"
				},
				{
					"revenue": 5489000000,
					"costOfRevenue": 1499000000,
					"grossProfit": 3990000000,
					"grossProfitRatio": 0.7252863241902705,
					"researchAndDevelopmentExpenses": 1539000000,
					"sellingGeneralAndAdministrativeExpenses": 1921000000,
					"otherExpenses": 0,
					"operatingIncome": 530000000,
					"operatingIncomeRatio": 0.0642491864024593,
					"totalOtherIncomeExpensesNet": -65000000,
					"incomeBeforeTax": 465000000,
					"incomeBeforeTaxRatio": 0.05234495284806229,
					"incomeTaxExpense": 398000000,
					"netIncome": 67000000,
					"netIncomeRatio": 0.0028079425679699357,
					"weightedAverageShsOut": 2263250000,
					"eps": 0.01999999999999999,
					"weightedAverageShsOutDil": 2326000000,
					"epsdiluted": 0.01999999999999999,
					"interestIncome": 0,
					"interestExpense": 52000000,
					"ebit": 0,
					"ebitPercentage": 0,
					"depreciationAndAmortization": 780000000,
					"ebitda": 1297000000,
					"ebitdaPercentage": 0,
					"date": "2013-03-31"
				},
				{
					"revenue": 6118000000,
					"costOfRevenue": 1597000000,
					"grossProfit": 4521000000,
					"grossProfitRatio": 0.7386576355526533,
					"researchAndDevelopmentExpenses": 1178000000,
					"sellingGeneralAndAdministrativeExpenses": 1508000000,
					"otherExpenses": 0,
					"operatingIncome": 1835000000,
					"operatingIncomeRatio": 0.2986284955585542,
					"totalOtherIncomeExpensesNet": -60000000,
					"incomeBeforeTax": 1775000000,
					"incomeBeforeTaxRatio": 0.28902535135881796,
					"incomeTaxExpense": 1218000000,
					"netIncome": 557000000,
					"netIncomeRatio": 0.08187664775274654,
					"weightedAverageShsOut": 2395250000,
					"eps": 0.24000000000000002,
					"weightedAverageShsOutDil": 2481750000,
					"epsdiluted": 0.23,
					"interestIncome": 0,
					"interestExpense": 56000000,
					"ebit": 0,
					"ebitPercentage": 0,
					"depreciationAndAmortization": 863000000,
					"ebitda": 2694000000,
					"ebitdaPercentage": 0,
					"date": "2013-06-30"
				},
				{
					"revenue": 6872000000,
					"costOfRevenue": 1782000000,
					"grossProfit": 5090000000,
					"grossProfitRatio": 0.7395732504119092,
					"researchAndDevelopmentExpenses": 1303000000,
					"sellingGeneralAndAdministrativeExpenses": 1593000000,
					"otherExpenses": 0,
					"operatingIncome": 2194000000,
					"operatingIncomeRatio": 0.315215294039172,
					"totalOtherIncomeExpensesNet": -65000000,
					"incomeBeforeTax": 2129000000,
					"incomeBeforeTaxRatio": 0.3053625617580331,
					"incomeTaxExpense": 1088000000,
					"netIncome": 1041000000,
					"netIncomeRatio": 0.14626781791600468,
					"weightedAverageShsOut": 2397750000,
					"eps": 0.43000000000000005,
					"weightedAverageShsOutDil": 2508750000,
					"epsdiluted": 0.42000000000000004,
					"interestIncome": 0,
					"interestExpense": 66000000,
					"ebit": 0,
					"ebitPercentage": 0,
					"depreciationAndAmortization": 961000000,
					"ebitda": 3156000000,
					"ebitdaPercentage": 0,
					"date": "2013-09-30"
				},
				{
					"revenue": 7873000000,
					"costOfRevenue": 1876000000,
					"grossProfit": 5997000000,
					"grossProfitRatio": 0.754724416238088,
					"researchAndDevelopmentExpenses": 1415000000,
					"sellingGeneralAndAdministrativeExpenses": 1779000000,
					"otherExpenses": 0,
					"operatingIncome": 2803000000,
					"operatingIncomeRatio": 0.3421586019748899,
					"totalOtherIncomeExpensesNet": -49000000,
					"incomeBeforeTax": 2754000000,
					"incomeBeforeTaxRatio": 0.3349516376117565,
					"incomeTaxExpense": 1254000000,
					"netIncome": 1500000000,
					"netIncomeRatio": 0.18673389221561845,
					"weightedAverageShsOut": 2420250000,
					"eps": 0.61,
					"weightedAverageShsOutDil": 2521750000,
					"epsdiluted": 0.59,
					"interestIncome": 0,
					"interestExpense": 56000000,
					"ebit": 0,
					"ebitPercentage": 0,
					"depreciationAndAmortization": 1011000000,
					"ebitda": 3821000000,
					"ebitdaPercentage": 0,
					"date": "2013-12-31"
				},
				{
					"revenue": 8917000000,
					"costOfRevenue": 1925000000,
					"grossProfit": 6992000000,
					"grossProfitRatio": 0.7793775332506507,
					"researchAndDevelopmentExpenses": 1577000000,
					"sellingGeneralAndAdministrativeExpenses": 1910000000,
					"otherExpenses": 0,
					"operatingIncome": 3505000000,
					"operatingIncomeRatio": 0.38561519472538086,
					"totalOtherIncomeExpensesNet": 0,
					"incomeBeforeTax": 3476000000,
					"incomeBeforeTaxRatio": 0.3818375856434546,
					"incomeTaxExpense": 1553000000,
					"netIncome": 1923000000,
					"netIncomeRatio": 0.21333113294155623,
					"weightedAverageShsOut": 2460000000,
					"eps": 0.77,
					"weightedAverageShsOutDil": 2549250000,
					"epsdiluted": 0.75,
					"interestIncome": 0,
					"interestExpense": 0,
					"ebit": 0,
					"ebitPercentage": 0,
					"depreciationAndAmortization": 1034000000,
					"ebitda": 4551000000,
					"ebitdaPercentage": 0,
					"date": "2014-03-31"
				},
				{
					"revenue": 10014000000,
					"costOfRevenue": 1933000000,
					"grossProfit": 8081000000,
					"grossProfitRatio": 0.8028620371107069,
					"researchAndDevelopmentExpenses": 1725000000,
					"sellingGeneralAndAdministrativeExpenses": 2023000000,
					"otherExpenses": 0,
					"operatingIncome": 4333000000,
					"operatingIncomeRatio": 0.42753513907536944,
					"totalOtherIncomeExpensesNet": 0,
					"incomeBeforeTax": 4317000000,
					"incomeBeforeTaxRatio": 0.4257580682973688,
					"incomeTaxExpense": 1936000000,
					"netIncome": 2381000000,
					"netIncomeRatio": 0.23536809205509857,
					"weightedAverageShsOut": 2498250000,
					"eps": 0.9400000000000001,
					"weightedAverageShsOutDil": 2577500000,
					"epsdiluted": 0.92,
					"interestIncome": 0,
					"interestExpense": 0,
					"ebit": 0,
					"ebitPercentage": 0,
					"depreciationAndAmortization": 1069000000,
					"ebitda": 5413000000,
					"ebitdaPercentage": 0,
					"date": "2014-06-30"
				},
				{
					"revenue": 11201000000,
					"costOfRevenue": 1991000000,
					"grossProfit": 9210000000,
					"grossProfitRatio": 0.8216347789970339,
					"researchAndDevelopmentExpenses": 1964000000,
					"sellingGeneralAndAdministrativeExpenses": 2252000000,
					"otherExpenses": 0,
					"operatingIncome": 4994000000,
					"operatingIncomeRatio": 0.4453036993041232,
					"totalOtherIncomeExpensesNet": 0,
					"incomeBeforeTax": 4927000000,
					"incomeBeforeTaxRatio": 0.4400055464800249,
					"incomeTaxExpense": 2165000000,
					"netIncome": 2762000000,
					"netIncomeRatio": 0.24557449112789237,
					"weightedAverageShsOut": 2537500000,
					"eps": 1.08,
					"weightedAverageShsOutDil": 2606500000,
					"epsdiluted": 1.05,
					"interestIncome": 0,
					"interestExpense": 0,
					"ebit": 0,
					"ebitPercentage": 0,
					"depreciationAndAmortization": 1084000000,
					"ebitda": 6021000000,
					"ebitdaPercentage": 0,
					"date": "2014-09-30"
				},
				{
					"revenue": 12466000000,
					"costOfRevenue": 2152000000,
					"grossProfit": 10314000000,
					"grossProfitRatio": 0.8267752413030047,
					"researchAndDevelopmentExpenses": 2666000000,
					"sellingGeneralAndAdministrativeExpenses": 2653000000,
					"otherExpenses": 0,
					"operatingIncome": 4995000000,
					"operatingIncomeRatio": 0.4094206018754062,
					"totalOtherIncomeExpensesNet": 0,
					"incomeBeforeTax": 4911000000,
					"incomeBeforeTaxRatio": 0.4030823519943267,
					"incomeTaxExpense": 1971000000,
					"netIncome": 2940000000,
					"netIncomeRatio": 0.24052143995226538,
					"weightedAverageShsOut": 2613250000,
					"eps": 1.12,
					"weightedAverageShsOutDil": 2671000000,
					"epsdiluted": 1.1,
					"interestIncome": 0,
					"interestExpense": 0,
					"ebit": 0,
					"ebitPercentage": 0,
					"depreciationAndAmortization": 1243000000,
					"ebitda": 6158000000,
					"ebitdaPercentage": 0,
					"date": "2014-12-31"
				},
				{
					"revenue": 13507000000,
					"costOfRevenue": 2344000000,
					"grossProfit": 11163000000,
					"grossProfitRatio": 0.8267909780785292,
					"researchAndDevelopmentExpenses": 3273000000,
					"sellingGeneralAndAdministrativeExpenses": 3037000000,
					"otherExpenses": 0,
					"operatingIncome": 4853000000,
					"operatingIncomeRatio": 0.36784057208044457,
					"totalOtherIncomeExpensesNet": -85000000,
					"incomeBeforeTax": 4768000000,
					"incomeBeforeTaxRatio": 0.3614317605284647,
					"incomeTaxExpense": 1958000000,
					"netIncome": 2810000000,
					"netIncomeRatio": 0.2125003343980974,
					"weightedAverageShsOut": 2673000000,
					"eps": 1.05,
					"weightedAverageShsOutDil": 2727750000,
					"epsdiluted": 1.03,
					"interestIncome": 0,
					"interestExpense": 0,
					"ebit": 0,
					"ebitPercentage": 0,
					"depreciationAndAmortization": 1436000000,
					"ebitda": 6210000000,
					"ebitdaPercentage": 0,
					"date": "2015-03-31"
				},
				{
					"revenue": 14639000000,
					"costOfRevenue": 2539000000,
					"grossProfit": 12100000000,
					"grossProfitRatio": 0.8261105368012872,
					"researchAndDevelopmentExpenses": 3951000000,
					"sellingGeneralAndAdministrativeExpenses": 3413000000,
					"otherExpenses": 0,
					"operatingIncome": 4736000000,
					"operatingIncomeRatio": 0.3271605388894313,
					"totalOtherIncomeExpensesNet": 0,
					"incomeBeforeTax": 4655000000,
					"incomeBeforeTaxRatio": 0.3210953699491353,
					"incomeTaxExpense": 1917000000,
					"netIncome": 2738000000,
					"netIncomeRatio": 0.18901556706676031,
					"weightedAverageShsOut": 2732000000,
					"eps": 1,
					"weightedAverageShsOutDil": 2786500000,
					"epsdiluted": 0.98,
					"interestIncome": 34000000,
					"interestExpense": 0,
					"ebit": 0,
					"ebitPercentage": 0,
					"depreciationAndAmortization": 1638000000,
					"ebitda": 6304000000,
					"ebitdaPercentage": 0,
					"date": "2015-06-30"
				},
				{
					"revenue": 15937000000,
					"costOfRevenue": 2694000000,
					"grossProfit": 13243000000,
					"grossProfitRatio": 0.8302187056385034,
					"researchAndDevelopmentExpenses": 4614000000,
					"sellingGeneralAndAdministrativeExpenses": 3831000000,
					"otherExpenses": 0,
					"operatingIncome": 4798000000,
					"operatingIncomeRatio": 0.299159684602567,
					"totalOtherIncomeExpensesNet": 0,
					"incomeBeforeTax": 4751000000,
					"incomeBeforeTaxRatio": 0.2963560103327237,
					"incomeTaxExpense": 1923000000,
					"netIncome": 2828000000,
					"netIncomeRatio": 0.17587251348509186,
					"weightedAverageShsOut": 2787250000,
					"eps": 1.01,
					"weightedAverageShsOutDil": 2841250000,
					"epsdiluted": 0.99,
					"interestIncome": 37000000,
					"interestExpense": 0,
					"ebit": 0,
					"ebitPercentage": 0,
					"depreciationAndAmortization": 1835000000,
					"ebitda": 6600000000,
					"ebitdaPercentage": 0,
					"date": "2015-09-30"
				},
				{
					"revenue": 17927000000,
					"costOfRevenue": 2866000000,
					"grossProfit": 15061000000,
					"grossProfitRatio": 0.8372774404633039,
					"researchAndDevelopmentExpenses": 4817000000,
					"sellingGeneralAndAdministrativeExpenses": 4019000000,
					"otherExpenses": 0,
					"operatingIncome": 6225000000,
					"operatingIncomeRatio": 0.33517763959270175,
					"totalOtherIncomeExpensesNet": 0,
					"incomeBeforeTax": 6194000000,
					"incomeBeforeTaxRatio": 0.33347900851030154,
					"incomeTaxExpense": 2506000000,
					"netIncome": 3688000000,
					"netIncomeRatio": 0.1971770428306759,
					"weightedAverageShsOut": 2803250000,
					"eps": 1.31,
					"weightedAverageShsOutDil": 2856750000,
					"epsdiluted": 1.28,
					"interestIncome": 51000000,
					"interestExpense": 28000000,
					"ebit": 0,
					"ebitPercentage": 0,
					"depreciationAndAmortization": 1945000000,
					"ebitda": 8167000000,
					"ebitdaPercentage": 0,
					"date": "2015-12-31"
				},
				{
					"revenue": 19766000000,
					"costOfRevenue": 3050000000,
					"grossProfit": 16716000000,
					"grossProfitRatio": 0.8444987234365287,
					"researchAndDevelopmentExpenses": 5098000000,
					"sellingGeneralAndAdministrativeExpenses": 4317000000,
					"otherExpenses": 0,
					"operatingIncome": 7301000000,
					"operatingIncomeRatio": 0.3626639276586386,
					"totalOtherIncomeExpensesNet": 0,
					"incomeBeforeTax": 7327000000,
					"incomeBeforeTaxRatio": 0.36363712171796747,
					"incomeTaxExpense": 2641000000,
					"netIncome": 4686000000,
					"netIncomeRatio": 0.23119067877524735,
					"weightedAverageShsOut": 2818000000,
					"eps": 1.6600000000000001,
					"weightedAverageShsOutDil": 2869750000,
					"epsdiluted": 1.62,
					"interestIncome": 76000000,
					"interestExpense": 53000000,
					"ebit": 0,
					"ebitPercentage": 0,
					"depreciationAndAmortization": 2040000000,
					"ebitda": 9420000000,
					"ebitdaPercentage": 0,
					"date": "2016-03-31"
				},
				{
					"revenue": 22160000000,
					"costOfRevenue": 3298000000,
					"grossProfit": 18862000000,
					"grossProfitRatio": 0.850233797268195,
					"researchAndDevelopmentExpenses": 5391000000,
					"sellingGeneralAndAdministrativeExpenses": 4697000000,
					"otherExpenses": 0,
					"operatingIncome": 8774000000,
					"operatingIncomeRatio": 0.3905937841161148,
					"totalOtherIncomeExpensesNet": 46000000,
					"incomeBeforeTax": 8820000000,
					"incomeBeforeTaxRatio": 0.392343858225164,
					"incomeTaxExpense": 2798000000,
					"netIncome": 6022000000,
					"netIncomeRatio": 0.26654454475486655,
					"weightedAverageShsOut": 2833000000,
					"eps": 2.12,
					"weightedAverageShsOutDil": 2883250000,
					"epsdiluted": 2.08,
					"interestIncome": 103000000,
					"interestExpense": 80000000,
					"ebit": 0,
					"ebitPercentage": 0,
					"depreciationAndAmortization": 2166000000,
					"ebitda": 11066000000,
					"ebitdaPercentage": 0,
					"date": "2016-06-30"
				},
				{
					"revenue": 24670000000,
					"costOfRevenue": 3565000000,
					"grossProfit": 21105000000,
					"grossProfitRatio": 0.8550302163019723,
					"researchAndDevelopmentExpenses": 5659000000,
					"sellingGeneralAndAdministrativeExpenses": 5009000000,
					"otherExpenses": 0,
					"operatingIncome": 10437000000,
					"operatingIncomeRatio": 0.4208812975234113,
					"totalOtherIncomeExpensesNet": 120000000,
					"incomeBeforeTax": 10557000000,
					"incomeBeforeTaxRatio": 0.4258069761851944,
					"incomeTaxExpense": 3052000000,
					"netIncome": 7505000000,
					"netIncomeRatio": 0.30160880613661434,
					"weightedAverageShsOut": 2848750000,
					"eps": 2.63,
					"weightedAverageShsOutDil": 2896250000,
					"epsdiluted": 2.59,
					"interestIncome": 146000000,
					"interestExpense": 123000000,
					"ebit": 0,
					"ebitPercentage": 0,
					"depreciationAndAmortization": 2271000000,
					"ebitda": 12951000000,
					"ebitdaPercentage": 0,
					"date": "2016-09-30"
				},
				{
					"revenue": 27638000000,
					"costOfRevenue": 3789000000,
					"grossProfit": 23849000000,
					"grossProfitRatio": 0.8605558408728337,
					"researchAndDevelopmentExpenses": 5919000000,
					"sellingGeneralAndAdministrativeExpenses": 5502000000,
					"otherExpenses": 0,
					"operatingIncome": 12428000000,
					"operatingIncomeRatio": 0.4404686981074236,
					"totalOtherIncomeExpensesNet": 89000000,
					"incomeBeforeTax": 12517000000,
					"incomeBeforeTaxRatio": 0.4445578572013627,
					"incomeTaxExpense": 2300000000,
					"netIncome": 10217000000,
					"netIncomeRatio": 0.3560646377848783,
					"weightedAverageShsOut": 2863000000,
					"eps": 3.3200000000000003,
					"weightedAverageShsOutDil": 2911250000,
					"epsdiluted": 3.26,
					"interestIncome": 175000000,
					"interestExpense": 165000000,
					"ebit": 0,
					"ebitPercentage": 0,
					"depreciationAndAmortization": 2342000000,
					"ebitda": 15024000000,
					"ebitdaPercentage": 0,
					"date": "2016-12-31"
				},
				{
					"revenue": 30288000000,
					"costOfRevenue": 4110000000,
					"grossProfit": 26178000000,
					"grossProfitRatio": 0.8634074384772136,
					"researchAndDevelopmentExpenses": 6410000000,
					"sellingGeneralAndAdministrativeExpenses": 6022000000,
					"otherExpenses": 0,
					"operatingIncome": 13746000000,
					"operatingIncomeRatio": 0.4507029029639544,
					"totalOtherIncomeExpensesNet": 114000000,
					"incomeBeforeTax": 13860000000,
					"incomeBeforeTaxRatio": 0.4547119639257102,
					"incomeTaxExpense": 2089000000,
					"netIncome": 11771000000,
					"netIncomeRatio": 0.3812919522357333,
					"weightedAverageShsOut": 2875000000,
					"eps": 3.8499999999999996,
					"weightedAverageShsOutDil": 2925250000,
					"epsdiluted": 3.78,
					"interestIncome": 215000000,
					"interestExpense": 205000000,
					"ebit": 0,
					"ebitPercentage": 0,
					"depreciationAndAmortization": 2461000000,
					"ebitda": 16526000000,
					"ebitdaPercentage": 0,
					"date": "2017-03-31"
				},
				{
					"revenue": 33173000000,
					"costOfRevenue": 4431000000,
					"grossProfit": 28742000000,
					"grossProfitRatio": 0.865810774128935,
					"researchAndDevelopmentExpenses": 6866000000,
					"sellingGeneralAndAdministrativeExpenses": 6475000000,
					"otherExpenses": 0,
					"operatingIncome": 15401000000,
					"operatingIncomeRatio": 0.4620771820182681,
					"totalOtherIncomeExpensesNet": 181000000,
					"incomeBeforeTax": 15582000000,
					"incomeBeforeTaxRatio": 0.46764280354826304,
					"incomeTaxExpense": 1972000000,
					"netIncome": 13610000000,
					"netIncomeRatio": 0.4059091106480516,
					"weightedAverageShsOut": 2886000000,
					"eps": 4.470000000000001,
					"weightedAverageShsOutDil": 2937000000,
					"epsdiluted": 4.390000000000001,
					"interestIncome": 274000000,
					"interestExpense": 264000000,
					"ebit": 0,
					"ebitPercentage": 0,
					"depreciationAndAmortization": 2605000000,
					"ebitda": 18451000000,
					"ebitdaPercentage": 0,
					"date": "2017-06-30"
				},
				{
					"revenue": 36490000000,
					"costOfRevenue": 4892000000,
					"grossProfit": 31598000000,
					"grossProfitRatio": 0.8659551196141364,
					"researchAndDevelopmentExpenses": 7379000000,
					"sellingGeneralAndAdministrativeExpenses": 6818000000,
					"otherExpenses": 0,
					"operatingIncome": 17401000000,
					"operatingIncomeRatio": 0.4747354676424631,
					"totalOtherIncomeExpensesNet": 248000000,
					"incomeBeforeTax": 17649000000,
					"incomeBeforeTaxRatio": 0.48138464012884497,
					"incomeTaxExpense": 1711000000,
					"netIncome": 15938000000,
					"netIncomeRatio": 0.43501596964389094,
					"weightedAverageShsOut": 2894250000,
					"eps": 5.26,
					"weightedAverageShsOutDil": 2947250000,
					"epsdiluted": 5.16,
					"interestIncome": 332000000,
					"interestExpense": 322000000,
					"ebit": 0,
					"ebitPercentage": 0,
					"depreciationAndAmortization": 2786000000,
					"ebitda": 20757000000,
					"ebitdaPercentage": 0,
					"date": "2017-09-30"
				},
				{
					"revenue": 40653000000,
					"costOfRevenue": 5455000000,
					"grossProfit": 35198000000,
					"grossProfitRatio": 0.8646497875432128,
					"researchAndDevelopmentExpenses": 7754000000,
					"sellingGeneralAndAdministrativeExpenses": 7242000000,
					"otherExpenses": 0,
					"operatingIncome": 20202000000,
					"operatingIncomeRatio": 0.48726758139781806,
					"totalOtherIncomeExpensesNet": 392000000,
					"incomeBeforeTax": 20594000000,
					"incomeBeforeTaxRatio": 0.49700162678578597,
					"incomeTaxExpense": 4660000000,
					"netIncome": 15934000000,
					"netIncomeRatio": 0.3960213063039315,
					"weightedAverageShsOut": 2900500000,
					"eps": 5.49,
					"weightedAverageShsOutDil": 2951250000,
					"epsdiluted": 5.390000000000001,
					"interestIncome": 398000000,
					"interestExpense": 392000000,
					"ebit": 0,
					"ebitPercentage": 0,
					"depreciationAndAmortization": 3025000000,
					"ebitda": 24011000000,
					"ebitdaPercentage": 0,
					"date": "2017-12-31"
				},
				{
					"revenue": 44587000000,
					"costOfRevenue": 6223000000,
					"grossProfit": 38364000000,
					"grossProfitRatio": 0.8604643366757817,
					"researchAndDevelopmentExpenses": 8158000000,
					"sellingGeneralAndAdministrativeExpenses": 7882000000,
					"otherExpenses": 0,
					"operatingIncome": 22324000000,
					"operatingIncomeRatio": 0.4975564391291858,
					"totalOtherIncomeExpensesNet": 472000000,
					"incomeBeforeTax": 22796000000,
					"incomeBeforeTaxRatio": 0.5081330163204103,
					"incomeTaxExpense": 4938000000,
					"netIncome": 17858000000,
					"netIncomeRatio": 0.4048647142199858,
					"weightedAverageShsOut": 2904250000,
					"eps": 6.15,
					"weightedAverageShsOutDil": 2951500000,
					"epsdiluted": 6.04,
					"interestIncome": 476000000,
					"interestExpense": 470000000,
					"ebit": 0,
					"ebitPercentage": 0,
					"depreciationAndAmortization": 3303000000,
					"ebitda": 26569000000,
					"ebitdaPercentage": 0,
					"date": "2018-03-31"
				},
				{
					"revenue": 48497000000,
					"costOfRevenue": 7200000000,
					"grossProfit": 41297000000,
					"grossProfitRatio": 0.8518085346310069,
					"researchAndDevelopmentExpenses": 8762000000,
					"sellingGeneralAndAdministrativeExpenses": 8749000000,
					"otherExpenses": 0,
					"operatingIncome": 23786000000,
					"operatingIncomeRatio": 0.49029802724539967,
					"totalOtherIncomeExpensesNet": 390000000,
					"incomeBeforeTax": 24176000000,
					"incomeBeforeTaxRatio": 0.49863563891502927,
					"incomeTaxExpense": 5106000000,
					"netIncome": 19070000000,
					"netIncomeRatio": 0.3969010991064322,
					"weightedAverageShsOut": 2903000000,
					"eps": 6.57,
					"weightedAverageShsOutDil": 2946250000,
					"epsdiluted": 6.459999999999999,
					"interestIncome": 528000000,
					"interestExpense": 522000000,
					"ebit": 0,
					"ebitPercentage": 0,
					"depreciationAndAmortization": 3608000000,
					"ebitda": 28306000000,
					"ebitdaPercentage": 0,
					"date": "2018-06-30"
				},
				{
					"revenue": 51896000000,
					"costOfRevenue": 8170000000,
					"grossProfit": 43726000000,
					"grossProfitRatio": 0.8428215844437293,
					"researchAndDevelopmentExpenses": 9367000000,
					"sellingGeneralAndAdministrativeExpenses": 9914000000,
					"otherExpenses": 0,
					"operatingIncome": 24445000000,
					"operatingIncomeRatio": 0.47159988534398545,
					"totalOtherIncomeExpensesNet": 407000000,
					"incomeBeforeTax": 24852000000,
					"incomeBeforeTaxRatio": 0.4795638172348011,
					"incomeTaxExpense": 5352000000,
					"netIncome": 19500000000,
					"netIncomeRatio": 0.3765197547217373,
					"weightedAverageShsOut": 2898250000,
					"eps": 6.7299999999999995,
					"weightedAverageShsOutDil": 2935500000,
					"epsdiluted": 6.629999999999999,
					"interestIncome": 596000000,
					"interestExpense": 590000000,
					"ebit": 0,
					"ebitPercentage": 0,
					"depreciationAndAmortization": 3943000000,
					"ebitda": 29385000000,
					"ebitdaPercentage": 0,
					"date": "2018-09-30"
				},
				{
					"revenue": 55838000000,
					"costOfRevenue": 9355000000,
					"grossProfit": 46483000000,
					"grossProfitRatio": 0.8325425139169517,
					"researchAndDevelopmentExpenses": 10273000000,
					"sellingGeneralAndAdministrativeExpenses": 11297000000,
					"otherExpenses": 0,
					"operatingIncome": 24913000000,
					"operatingIncomeRatio": 0.44549481465772445,
					"totalOtherIncomeExpensesNet": 448000000,
					"incomeBeforeTax": 25361000000,
					"incomeBeforeTaxRatio": 0.4535706748024473,
					"incomeTaxExpense": 3248000000,
					"netIncome": 22113000000,
					"netIncomeRatio": 0.39596686497104006,
					"weightedAverageShsOut": 2889500000,
					"eps": 7.659999999999999,
					"weightedAverageShsOutDil": 2918500000,
					"epsdiluted": 7.57,
					"interestIncome": 660000000,
					"interestExpense": 651000000,
					"ebit": 0,
					"ebitPercentage": 0,
					"depreciationAndAmortization": 4315000000,
					"ebitda": 30327000000,
					"ebitdaPercentage": 0,
					"date": "2018-12-31"
				},
				{
					"revenue": 58949000000,
					"costOfRevenue": 10244000000,
					"grossProfit": 48705000000,
					"grossProfitRatio": 0.8261087776574512,
					"researchAndDevelopmentExpenses": 10895000000,
					"sellingGeneralAndAdministrativeExpenses": 15029000000,
					"otherExpenses": 0,
					"operatingIncome": 22781000000,
					"operatingIncomeRatio": 0.38665241994673,
					"totalOtherIncomeExpensesNet": 452000000,
					"incomeBeforeTax": 23233000000,
					"incomeBeforeTaxRatio": 0.39410053837834963,
					"incomeTaxExpense": 3679000000,
					"netIncome": 19554000000,
					"netIncomeRatio": 0.33203151138010084,
					"weightedAverageShsOut": 2877000000,
					"eps": 6.79,
					"weightedAverageShsOutDil": 2899500000,
					"epsdiluted": 6.73,
					"interestIncome": 713000000,
					"interestExpense": 704000000,
					"ebit": 0,
					"ebitPercentage": 0,
					"depreciationAndAmortization": 4721000000,
					"ebitda": 28658000000,
					"ebitdaPercentage": 0,
					"date": "2019-03-31"
				},
				{
					"revenue": 62604000000,
					"costOfRevenue": 11337000000,
					"grossProfit": 51267000000,
					"grossProfitRatio": 0.8189816728433887,
					"researchAndDevelopmentExpenses": 11687000000,
					"sellingGeneralAndAdministrativeExpenses": 18036000000,
					"otherExpenses": 0,
					"operatingIncome": 21544000000,
					"operatingIncomeRatio": 0.3443596108042745,
					"totalOtherIncomeExpensesNet": 653000000,
					"incomeBeforeTax": 22197000000,
					"incomeBeforeTaxRatio": 0.35476311793202037,
					"incomeTaxExpense": 5133000000,
					"netIncome": 17064000000,
					"netIncomeRatio": 0.27428385210439826,
					"weightedAverageShsOut": 2867000000,
					"eps": 5.95,
					"weightedAverageShsOutDil": 2885750000,
					"epsdiluted": 5.8999999999999995,
					"interestIncome": 789000000,
					"interestExpense": 780000000,
					"ebit": 0,
					"ebitPercentage": 0,
					"depreciationAndAmortization": 5189000000,
					"ebitda": 28166000000,
					"ebitdaPercentage": 0,
					"date": "2019-06-30"
				},
				{
					"revenue": 66529000000,
					"costOfRevenue": 12074000000,
					"grossProfit": 54455000000,
					"grossProfitRatio": 0.8183356495944962,
					"researchAndDevelopmentExpenses": 12578000000,
					"sellingGeneralAndAdministrativeExpenses": 18929000000,
					"otherExpenses": 0,
					"operatingIncome": 22948000000,
					"operatingIncomeRatio": 0.34083341394037264,
					"totalOtherIncomeExpensesNet": 666000000,
					"incomeBeforeTax": 23614000000,
					"incomeBeforeTaxRatio": 0.3508905410384271,
					"incomeTaxExpense": 5596000000,
					"netIncome": 18018000000,
					"netIncomeRatio": 0.2669923700676845,
					"weightedAverageShsOut": 2859250000,
					"eps": 6.3,
					"weightedAverageShsOutDil": 2876000000,
					"epsdiluted": 6.26,
					"interestIncome": 871000000,
					"interestExpense": 862000000,
					"ebit": 0,
					"ebitPercentage": 0,
					"depreciationAndAmortization": 5498000000,
					"ebitda": 29974000000,
					"ebitdaPercentage": 0,
					"date": "2019-09-30"
				},
				{
					"revenue": 70697000000,
					"costOfRevenue": 12769000000,
					"grossProfit": 57928000000,
					"grossProfitRatio": 0.8182644862299296,
					"researchAndDevelopmentExpenses": 13601000000,
					"sellingGeneralAndAdministrativeExpenses": 20341000000,
					"otherExpenses": 0,
					"operatingIncome": 23986000000,
					"operatingIncomeRatio": 0.33029090733399047,
					"totalOtherIncomeExpensesNet": 826000000,
					"incomeBeforeTax": 24812000000,
					"incomeBeforeTaxRatio": 0.3418041357826982,
					"incomeTaxExpense": 6327000000,
					"netIncome": 18485000000,
					"netIncomeRatio": 0.25241970563021154,
					"weightedAverageShsOut": 2854500000,
					"eps": 6.4799999999999995,
					"weightedAverageShsOutDil": 2872250000,
					"epsdiluted": 6.4399999999999995,
					"interestIncome": 924000000,
					"interestExpense": 904000000,
					"ebit": 0,
					"ebitPercentage": 0,
					"depreciationAndAmortization": 5741000000,
					"ebitda": 31457000000,
					"ebitdaPercentage": 0,
					"date": "2019-12-31"
				},
				{
					"revenue": 73357000000,
					"costOfRevenue": 13412000000,
					"grossProfit": 59945000000,
					"grossProfitRatio": 0.8162041085215417,
					"researchAndDevelopmentExpenses": 14756000000,
					"sellingGeneralAndAdministrativeExpenses": 18627000000,
					"otherExpenses": 0,
					"operatingIncome": 26562000000,
					"operatingIncomeRatio": 0.35835074572745784,
					"totalOtherIncomeExpensesNet": 629000000,
					"incomeBeforeTax": 27191000000,
					"incomeBeforeTaxRatio": 0.36667698418684347,
					"incomeTaxExpense": 6233000000,
					"netIncome": 20958000000,
					"netIncomeRatio": 0.2812359821488298,
					"weightedAverageShsOut": 2853250000,
					"eps": 7.35,
					"weightedAverageShsOutDil": 2872000000,
					"epsdiluted": 7.3,
					"interestIncome": 954000000,
					"interestExpense": 934000000,
					"ebit": 0,
					"ebitPercentage": 0,
					"depreciationAndAmortization": 5983000000,
					"ebitda": 34108000000,
					"ebitdaPercentage": 0,
					"date": "2020-03-31"
				},
				{
					"revenue": 75158000000,
					"costOfRevenue": 13934000000,
					"grossProfit": 61224000000,
					"grossProfitRatio": 0.8139393351576651,
					"researchAndDevelopmentExpenses": 15903000000,
					"sellingGeneralAndAdministrativeExpenses": 17422000000,
					"otherExpenses": 0,
					"operatingIncome": 27899000000,
					"operatingIncomeRatio": 0.3696367665640145,
					"totalOtherIncomeExpensesNet": 591000000,
					"incomeBeforeTax": 28490000000,
					"incomeBeforeTaxRatio": 0.3771606930048699,
					"incomeTaxExpense": 4970000000,
					"netIncome": 23520000000,
					"netIncomeRatio": 0.311778429478716,
					"weightedAverageShsOut": 2852000000,
					"eps": 8.25,
					"weightedAverageShsOutDil": 2873000000,
					"epsdiluted": 8.190000000000001,
					"interestIncome": 897000000,
					"interestExpense": 877000000,
					"ebit": 0,
					"ebitPercentage": 0,
					"depreciationAndAmortization": 6185000000,
					"ebitda": 35552000000,
					"ebitdaPercentage": 0,
					"date": "2020-06-30"
				},
				{
					"revenue": 78976000000,
					"costOfRevenue": 14973000000,
					"grossProfit": 64003000000,
					"grossProfitRatio": 0.8097870726242749,
					"researchAndDevelopmentExpenses": 17118000000,
					"sellingGeneralAndAdministrativeExpenses": 18131000000,
					"otherExpenses": 0,
					"operatingIncome": 28754000000,
					"operatingIncomeRatio": 0.36149676234647166,
					"totalOtherIncomeExpensesNet": 540000000,
					"incomeBeforeTax": 29294000000,
					"incomeBeforeTaxRatio": 0.3680641662084325,
					"incomeTaxExpense": 4019000000,
					"netIncome": 25275000000,
					"netIncomeRatio": 0.31687345427683383,
					"weightedAverageShsOut": 2851000000,
					"eps": 8.870000000000001,
					"weightedAverageShsOutDil": 2877250000,
					"epsdiluted": 8.78,
					"interestIncome": 785000000,
					"interestExpense": 765000000,
					"ebit": 0,
					"ebitPercentage": 0,
					"depreciationAndAmortization": 6467000000,
					"ebitda": 36526000000,
					"ebitdaPercentage": 0,
					"date": "2020-09-30"
				},
				{
					"revenue": 85966000000,
					"costOfRevenue": 16692000000,
					"grossProfit": 69274000000,
					"grossProfitRatio": 0.8047864009942282,
					"researchAndDevelopmentExpenses": 18447000000,
					"sellingGeneralAndAdministrativeExpenses": 18156000000,
					"otherExpenses": 0,
					"operatingIncome": 32671000000,
					"operatingIncomeRatio": 0.37022449494127735,
					"totalOtherIncomeExpensesNet": 509000000,
					"incomeBeforeTax": 33180000000,
					"incomeBeforeTaxRatio": 0.3755975064524968,
					"incomeTaxExpense": 4035000000,
					"netIncome": 29145000000,
					"netIncomeRatio": 0.32963837488606634,
					"weightedAverageShsOut": 2850250000,
					"eps": 10.23,
					"weightedAverageShsOutDil": 2882000000,
					"epsdiluted": 10.100000000000001,
					"interestIncome": 672000000,
					"interestExpense": 672000000,
					"ebit": 0,
					"ebitPercentage": 0,
					"depreciationAndAmortization": 6862000000,
					"ebitda": 40714000000,
					"ebitdaPercentage": 0,
					"date": "2020-12-31"
				},
				{
					"revenue": 94400000000,
					"costOfRevenue": 18364000000,
					"grossProfit": 76036000000,
					"grossProfitRatio": 0.804526242024451,
					"researchAndDevelopmentExpenses": 19629000000,
					"sellingGeneralAndAdministrativeExpenses": 18251000000,
					"otherExpenses": 0,
					"operatingIncome": 38156000000,
					"operatingIncomeRatio": 0.39585266857097884,
					"totalOtherIncomeExpensesNet": 666000000,
					"incomeBeforeTax": 38822000000,
					"incomeBeforeTaxRatio": 0.40287078441460644,
					"incomeTaxExpense": 5082000000,
					"netIncome": 33740000000,
					"netIncomeRatio": 0.35126616313464665,
					"weightedAverageShsOut": 2849250000,
					"eps": 11.85,
					"weightedAverageShsOutDil": 2885500000,
					"epsdiluted": 11.690000000000001,
					"interestIncome": 562000000,
					"interestExpense": 562000000,
					"ebit": 0,
					"ebitPercentage": 0,
					"depreciationAndAmortization": 7237000000,
					"ebitda": 46621000000,
					"ebitdaPercentage": 0,
					"date": "2021-03-31"
				},
				{
					"revenue": 104790000000,
					"costOfRevenue": 19934000000,
					"grossProfit": 84856000000,
					"grossProfitRatio": 0.8093318421314986,
					"researchAndDevelopmentExpenses": 21263000000,
					"sellingGeneralAndAdministrativeExpenses": 19033000000,
					"otherExpenses": 0,
					"operatingIncome": 44560000000,
					"operatingIncomeRatio": 0.42240770403915406,
					"totalOtherIncomeExpensesNet": 644000000,
					"incomeBeforeTax": 45204000000,
					"incomeBeforeTaxRatio": 0.4284335557932452,
					"incomeTaxExpense": 6248000000,
					"netIncome": 38956000000,
					"netIncomeRatio": 0.37135957237090966,
					"weightedAverageShsOut": 2845250000,
					"eps": 13.7,
					"weightedAverageShsOutDil": 2885000000,
					"epsdiluted": 13.5,
					"interestIncome": 521000000,
					"interestExpense": 521000000,
					"ebit": 0,
					"ebitPercentage": 0,
					"depreciationAndAmortization": 7519000000,
					"ebitda": 53244000000,
					"ebitdaPercentage": 0,
					"date": "2021-06-30"
				},
				{
					"revenue": 112330000000,
					"costOfRevenue": 21511000000,
					"grossProfit": 90819000000,
					"grossProfitRatio": 0.8084345759269376,
					"researchAndDevelopmentExpenses": 22816000000,
					"sellingGeneralAndAdministrativeExpenses": 21060000000,
					"otherExpenses": 0,
					"operatingIncome": 46943000000,
					"operatingIncomeRatio": 0.4186111757874085,
					"totalOtherIncomeExpensesNet": 693000000,
					"incomeBeforeTax": 47636000000,
					"incomeBeforeTaxRatio": 0.42477783712051664,
					"incomeTaxExpense": 7332000000,
					"netIncome": 40304000000,
					"netIncomeRatio": 0.35923083466149347,
					"weightedAverageShsOut": 2836250000,
					"eps": 14.219999999999999,
					"weightedAverageShsOutDil": 2877000000,
					"epsdiluted": 14.009999999999998,
					"interestIncome": 495000000,
					"interestExpense": 495000000,
					"ebit": 0,
					"ebitPercentage": 0,
					"depreciationAndAmortization": 7816000000,
					"ebitda": 55947000000,
					"ebitdaPercentage": 0,
					"date": "2021-09-30"
				},
				{
					"revenue": 117929000000,
					"costOfRevenue": 22649000000,
					"grossProfit": 95280000000,
					"grossProfitRatio": 0.8077005752255162,
					"researchAndDevelopmentExpenses": 24655000000,
					"sellingGeneralAndAdministrativeExpenses": 23872000000,
					"otherExpenses": 0,
					"operatingIncome": 46753000000,
					"operatingIncomeRatio": 0.39828217032900304,
					"totalOtherIncomeExpensesNet": 531000000,
					"incomeBeforeTax": 47284000000,
					"incomeBeforeTaxRatio": 0.4028313686005425,
					"incomeTaxExpense": 7914000000,
					"netIncome": 39370000000,
					"netIncomeRatio": 0.3356820435936937,
					"weightedAverageShsOut": 2815000000,
					"eps": 14,
					"weightedAverageShsOutDil": 2854250000,
					"epsdiluted": 13.8,
					"interestIncome": 461000000,
					"interestExpense": 461000000,
					"ebit": 0,
					"ebitPercentage": 0,
					"depreciationAndAmortization": 7967000000,
					"ebitda": 55712000000,
					"ebitdaPercentage": 0,
					"date": "2021-12-31"
				},
				{
					"revenue": 119666000000,
					"costOfRevenue": 23523000000,
					"grossProfit": 96143000000,
					"grossProfitRatio": 0.8029219319585543,
					"researchAndDevelopmentExpenses": 27165000000,
					"sellingGeneralAndAdministrativeExpenses": 25079000000,
					"otherExpenses": 0,
					"operatingIncome": 43899000000,
					"operatingIncomeRatio": 0.3659511969517212,
					"totalOtherIncomeExpensesNet": 790000000,
					"incomeBeforeTax": 44689000000,
					"incomeBeforeTaxRatio": 0.37274619932266717,
					"incomeTaxExpense": 7351000000,
					"netIncome": 37338000000,
					"netIncomeRatio": 0.31183290498306515,
					"weightedAverageShsOut": 2784500000,
					"eps": 13.4,
					"weightedAverageShsOutDil": 2819250000,
					"epsdiluted": 13.22,
					"interestIncome": 419000000,
					"interestExpense": 419000000,
					"ebit": 0,
					"ebitPercentage": 0,
					"depreciationAndAmortization": 8151000000,
					"ebitda": 53259000000,
					"ebitdaPercentage": 0,
					"date": "2022-03-31"
				},
				{
					"revenue": 119411000000,
					"costOfRevenue": 23316000000,
					"grossProfit": 96095000000,
					"grossProfitRatio": 0.8043067400239562,
					"researchAndDevelopmentExpenses": 29759000000,
					"sellingGeneralAndAdministrativeExpenses": 26446000000,
					"otherExpenses": 0,
					"operatingIncome": 39890000000,
					"operatingIncomeRatio": 0.33211815569905473,
					"totalOtherIncomeExpensesNet": 472000000,
					"incomeBeforeTax": 40362000000,
					"incomeBeforeTaxRatio": 0.33616595448799835,
					"incomeTaxExpense": 6731000000,
					"netIncome": 33631000000,
					"netIncomeRatio": 0.2804693067682634,
					"weightedAverageShsOut": 2752000000,
					"eps": 12.200000000000001,
					"weightedAverageShsOutDil": 2778250000,
					"epsdiluted": 12.07,
					"interestIncome": 389000000,
					"interestExpense": 389000000,
					"ebit": 0,
					"ebitPercentage": 0,
					"depreciationAndAmortization": 8144000000,
					"ebitda": 48895000000,
					"ebitdaPercentage": 0,
					"date": "2022-06-30"
				},
				{
					"revenue": 118115000000,
					"costOfRevenue": 23261000000,
					"grossProfit": 94854000000,
					"grossProfitRatio": 0.8024772035239742,
					"researchAndDevelopmentExpenses": 32613000000,
					"sellingGeneralAndAdministrativeExpenses": 27110000000,
					"otherExpenses": 0,
					"operatingIncome": 35131000000,
					"operatingIncomeRatio": 0.29338899093074877,
					"totalOtherIncomeExpensesNet": 242000000,
					"incomeBeforeTax": 35373000000,
					"incomeBeforeTaxRatio": 0.2954192511429506,
					"incomeTaxExpense": 6541000000,
					"netIncome": 28832000000,
					"netIncomeRatio": 0.2408840344950165,
					"weightedAverageShsOut": 2719000000,
					"eps": 10.57,
					"weightedAverageShsOutDil": 2735250000,
					"epsdiluted": 10.49,
					"interestIncome": 0,
					"interestExpense": 346000000,
					"ebit": 0,
					"ebitPercentage": 0,
					"depreciationAndAmortization": 8324000000,
					"ebitda": 44043000000,
					"ebitdaPercentage": 0,
					"date": "2022-09-30"
				},
				{
					"revenue": 116609000000,
					"costOfRevenue": 25249000000,
					"grossProfit": 91360000000,
					"grossProfitRatio": 0.7848188290104468,
					"researchAndDevelopmentExpenses": 35338000000,
					"sellingGeneralAndAdministrativeExpenses": 27077000000,
					"otherExpenses": 0,
					"operatingIncome": 28945000000,
					"operatingIncomeRatio": 0.2496837852888045,
					"totalOtherIncomeExpensesNet": -126000000,
					"incomeBeforeTax": 28819000000,
					"incomeBeforeTaxRatio": 0.24889481478538236,
					"incomeTaxExpense": 5620000000,
					"netIncome": 23199000000,
					"netIncomeRatio": 0.20067741499036235,
					"weightedAverageShsOut": 2687250000,
					"eps": 8.61,
					"weightedAverageShsOutDil": 2695500000,
					"epsdiluted": 8.58,
					"interestIncome": 0,
					"interestExpense": 494000000,
					"ebit": 0,
					"ebitPercentage": 0,
					"depreciationAndAmortization": 8686000000,
					"ebitda": 37999000000,
					"ebitdaPercentage": 0,
					"date": "2022-12-31"
				}
			]
		},
		"exchangeRate": 1,
		"currency": "USD",
		"kpiLabels": [
			{
				"value": "Advertising Revenue (M)",
				"label": "Advertising Revenue (M)",
				"type": "number",
				"styles": [],
				"isSegment": true,
				"isCurrency": true
			},
			{
				"value": "Reality Labs Revenue (M)",
				"label": "Reality Labs Revenue (M)",
				"type": "number",
				"styles": [],
				"isSegment": true,
				"isCurrency": true
			},
			{
				"value": "Other Revenue (M)",
				"label": "Other Revenue (M)",
				"type": "number",
				"styles": [],
				"isSegment": true,
				"isCurrency": true
			},
			{
				"value": "Family of Apps Operating Income (M)",
				"label": "Family of Apps Operating Income (M)",
				"type": "number",
				"styles": [],
				"isSegment": true,
				"isCurrency": true
			},
			{
				"value": "Reality Labs Operating Income (M)",
				"label": "Reality Labs Operating Income (M)",
				"type": "number",
				"styles": [],
				"isSegment": true,
				"isCurrency": true
			},
			{
				"value": "DAU (M)",
				"label": "DAU (M)",
				"type": "number",
				"styles": [],
				"isSegment": false,
				"isCurrency": false
			},
			{
				"value": "MAU (M)",
				"label": "MAU (M)",
				"type": "number",
				"styles": [],
				"isSegment": false,
				"isCurrency": false
			},
			{
				"value": "ARPU ",
				"label": "ARPU ",
				"type": "ratio",
				"styles": [],
				"isSegment": false,
				"isCurrency": true
			}
		],
		"NextSEOJson": {
			"title": "Meta Platforms, Inc. (META) Income Statement 2010  2022",
			"description": "Get detailed financial statements for Meta Platforms, Inc. (META including income statement, cash flow statement, balance sheet, and financial ratios and metrics."
		},
		"tickers": [
			"FB",
			"META",
			"FB2A.DE"
		],
		"marketCap": 497562000000
	},
	"__N_SSG": true
}